1612 2880
1291 305 1346 351 23

69 388 172 453 peis
224 406 302 436 an.
348 384 403 434 V.
444 384 498 431 C.
549 390 673 446 752;
737 381 951 448 adeoque
1002 384 1202 433 biennio
1260 405 1346 434 an-

70 490 116 525 te
153 478 322 524 Aeram
354 482 583 520 nostram.
637 472 729 520 Sed
764 471 957 520 illorum
994 473 1346 522 institutionem

71 566 120 613 id
178 562 399 626 temporis
450 560 763 625 praevertisse
821 560 1202 626 aliquantisper,
1261 562 1346 608 vix

73 648 401 701 dubitandum.
461 646 587 694 Cum
641 646 772 693 enim
825 647 1048 696 Ministri
1101 648 1344 696 Fortunae

71 739 302 802 Augustae
339 733 559 781 dicantur
591 734 740 799 primi
773 733 824 779 in
862 733 1041 790 titulis,
1097 751 1211 782 cum
1246 735 1345 799 pri—

71 839 197 871 mum
231 836 310 866 eos
347 818 531 865 institui
567 818 794 883 Pompeis
833 818 1086 883 contigerit
1115 856 1124 875 ‚
1164 819 1340 867 deinde

65 908 160 954 sine
187 903 509 952 additamento
546 904 640 951 alio
679 904 743 950 M
747 905 910 952 inistri
942 904 1197 952 Fortunae
1236 907 1343 955 Au-

59 1002 220 1059 gustae
251 999 627 1056 nuncupentur3
670 1010 757 1039 cur
813 1010 912 1038 non
968 990 1098 1038 idem
1154 991 1335 1039 factum

59 1080 326 1148 putabimus
361 1097 450 1144 pro
488 1079 728 1125 Ministris
767 1078 1022 1141 Augusti?
1077 1079 1220 1142 Lapis
1259 1095 1331 1125 er-

60 1185 147 1232 go,
173 1183 271 1230 quo
309 1167 525 1215 Ministri
551 1167 698 1232 primi
731 1165 920 1211 salutati
955 1165 1105 1219 fuere,
1145 1165 1290 1229 periit
1318 1204 1328 1221 ‚

56 1265 133 1300 aut
185 1253 420 1300 delitescit
453 1253 644 1300 adhuc:
680 1270 787 1317 pars
823 1252 1072 1299 dumtaxat
1108 1252 1324 1308 illorum,

54 1341 102 1386 in
139 1338 314 1403 quibus
371 1337 593 1386 Minism·
627 1337 837 1402 Augusti
873 1336 1030 1387 α’πλως
1081 1339 1328 1404 appellan—

53 1436 130 1473 tur
155 1460 167 1481 „
206 1425 266 1472 ad
300 1442 386 1472 nos
423 1424 657 1489 pervenit.
686 1425 829 1484 Quod
865 1425 905 1472 si
940 1424 1000 1472 de
1036 1426 1098 1473 A.
1147 1424 1327 1474 Clodio

52 1512 238 1560 Flacco
274 1514 491 1577 loquitur
526 1513 899 1580 Fragmentum,
938 1512 1075 1578 quod
1109 1514 1219 1562 heic
1257 1532 1330 1562 re-

55 1603 206 1650 seram
228 1639 238 1656 ‚
281 1601 585 1649 coniecturae
640 1613 828 1649 nostrae
865 1617 964 1650 non
998 1602 1102 1651 leve
1138 1601 1341 1652 accedet

55 1685 350 1734 auctoritatis
385 1685 609 1753 pondus:

487 2327 497 2338 .
535 2291 616 2338 LI.
691 2292 961 2342 CELERIS

424 2381 488 2427 A.
532 2379 691 2429 Clodi.
728 2380 968 2429 FLACCI

395 2498 689 2514 ......
729 2464 812 2512 10.
854 2464 972 2514 Cos
