<?xml version="1.0" encoding="UTF-8"?>
<!DOCTYPE html PUBLIC "-//W3C//DTD XHTML 1.0 Transitional//EN"
    "http://www.w3.org/TR/xhtml1/DTD/xhtml1-transitional.dtd">
<html xmlns="http://www.w3.org/1999/xhtml" xml:lang="en" lang="en">
 <head>
  <title>
</title>
<meta http-equiv="Content-Type" content="text/html;charset=utf-8" />
  <meta name='ocr-system' content='tesseract 3.04.00' />
  <meta name='ocr-capabilities' content='ocr_page ocr_carea ocr_par ocr_line ocrx_word'/>
</head>
<body>
  <div class='ocr_page' id='page_1' title='image "./insacranonnulla00guar_0091.png"; bbox 0 0 1612 2880; ppageno 0'>
   <div class='ocr_carea' id='block_1_1' title="bbox 1247 300 1313 366">
    <p class='ocr_par' dir='ltr' id='par_1_1' title="bbox 1247 300 1313 366">
     <span class='ocr_line' id='line_1_1' title="bbox 1247 300 1313 366; baseline 0 0"><span class='ocrx_word' id='word_1_1' title='bbox 1247 300 1313 366; x_wconf 80' lang='lat'>89</span> 
     </span>
    </p>
   </div>
   <div class='ocr_carea' id='block_1_2' title="bbox 0 383 1320 1207">
    <p class='ocr_par' dir='ltr' id='par_1_2' title="bbox 27 383 1313 527">
     <span class='ocr_line' id='line_1_2' title="bbox 27 383 1313 449; baseline -0.006 -9"><span class='ocrx_word' id='word_1_2' title='bbox 27 390 208 440; x_wconf 81' lang='lat' dir='ltr'>teibant</span> <span class='ocrx_word' id='word_1_3' title='bbox 229 421 241 445; x_wconf 87' lang='lat'>‚</span> <span class='ocrx_word' id='word_1_4' title='bbox 299 395 345 433; x_wconf 83' lang='lat' dir='ltr'>et</span> <span class='ocrx_word' id='word_1_5' title='bbox 404 383 686 433; x_wconf 82' lang='lat' dir='ltr'>conditione</span> <span class='ocrx_word' id='word_1_6' title='bbox 746 385 948 448; x_wconf 76' lang='lat' dir='ltr'>ingenui</span> <span class='ocrx_word' id='word_1_7' title='bbox 979 419 989 439; x_wconf 75' lang='lat'><strong>,</strong></span> <span class='ocrx_word' id='word_1_8' title='bbox 1045 397 1313 449; x_wconf 83' lang='lat' dir='ltr'>numquam</span> 
     </span>
     <span class='ocr_line' id='line_1_3' title="bbox 30 468 844 527; baseline -0.012 -2"><span class='ocrx_word' id='word_1_9' title='bbox 30 474 253 527; x_wconf 74' lang='lat' dir='ltr'>Liberti,</span> <span class='ocrx_word' id='word_1_10' title='bbox 292 468 437 520; x_wconf 75' lang='lat' dir='ltr'>Servi</span> <span class='ocrx_word' id='word_1_11' title='bbox 472 469 627 517; x_wconf 84' lang='lat' dir='ltr'>multo</span> <span class='ocrx_word' id='word_1_12' title='bbox 665 469 844 516; x_wconf 87' lang='lat' dir='ltr'>minus.</span> 
     </span>
    </p>

    <p class='ocr_par' dir='ltr' id='par_1_3' title="bbox 0 550 1319 1050">
     <span class='ocr_line' id='line_1_4' title="bbox 159 550 1311 620; baseline -0.003 -18"><span class='ocrx_word' id='word_1_13' title='bbox 159 558 208 619; x_wconf 75' lang='grc'>4.</span> <span class='ocrx_word' id='word_1_14' title='bbox 252 554 355 620; x_wconf 72' lang='lat' dir='ltr'>Qui</span> <span class='ocrx_word' id='word_1_15' title='bbox 389 557 495 602; x_wconf 77' lang='lat' dir='ltr'>iare</span> <span class='ocrx_word' id='word_1_16' title='bbox 531 551 782 601; x_wconf 75' lang='lat' dir='ltr'>ordinario</span> <span class='ocrx_word' id='word_1_17' title='bbox 820 554 943 602; x_wconf 84' lang='lat' dir='ltr'>votis</span> <span class='ocrx_word' id='word_1_18' title='bbox 994 550 1311 617; x_wconf 84' lang='lat' dir='ltr'>procurandis</span> 
     </span>
     <span class='ocr_line' id='line_1_5' title="bbox 32 638 1311 711; baseline -0.004 -19"><span class='ocrx_word' id='word_1_19' title='bbox 32 641 364 711; x_wconf 81' lang='lat' dir='ltr'><strong>procederent,</strong></span> <span class='ocrx_word' id='word_1_20' title='bbox 386 641 506 689; x_wconf 84' lang='lat' dir='ltr'>dicti</span> <span class='ocrx_word' id='word_1_21' title='bbox 527 638 794 706; x_wconf 80' lang='lat' dir='ltr'>semperD.</span> <span class='ocrx_word' id='word_1_22' title='bbox 834 639 901 688; x_wconf 86' lang='lat' dir='ltr'>V.</span> <span class='ocrx_word' id='word_1_23' title='bbox 929 643 992 687; x_wconf 88' lang='lat' dir='ltr'>V.</span> <span class='ocrx_word' id='word_1_24' title='bbox 1020 640 1082 689; x_wconf 89' lang='lat' dir='ltr'>A.</span> <span class='ocrx_word' id='word_1_25' title='bbox 1106 641 1155 691; x_wconf 86' lang='lat' dir='ltr'>S.</span> <span class='ocrx_word' id='word_1_26' title='bbox 1186 641 1311 690; x_wconf 88' lang='lat' dir='ltr'>P.P.</span> 
     </span>
     <span class='ocr_line' id='line_1_6' title="bbox 0 725 1317 782; baseline 0 -8"><span class='ocrx_word' id='word_1_27' title='bbox 0 777 2 780; x_wconf 64' lang='grc'><strong>,</strong></span> <span class='ocrx_word' id='word_1_28' title='bbox 165 725 214 774; x_wconf 83' lang='grc'>5.</span> <span class='ocrx_word' id='word_1_29' title='bbox 255 726 306 774; x_wconf 82' lang='lat' dir='ltr'>Si</span> <span class='ocrx_word' id='word_1_30' title='bbox 343 742 516 773; x_wconf 83' lang='lat' dir='ltr'>eorum</span> <span class='ocrx_word' id='word_1_31' title='bbox 551 726 670 773; x_wconf 83' lang='lat' dir='ltr'>alter</span> <span class='ocrx_word' id='word_1_32' title='bbox 707 737 840 774; x_wconf 82' lang='lat' dir='ltr'>extra</span> <span class='ocrx_word' id='word_1_33' title='bbox 877 726 1098 774; x_wconf 85' lang='lat' dir='ltr'>ordinem</span> <span class='ocrx_word' id='word_1_34' title='bbox 1129 763 1137 782; x_wconf 88' lang='lat'>‚</span> <span class='ocrx_word' id='word_1_35' title='bbox 1178 737 1317 774; x_wconf 83' lang='lat' dir='ltr'>nota-</span> 
     </span>
     <span class='ocr_line' id='line_1_7' title="bbox 28 810 1318 862; baseline -0.002 0"><span class='ocrx_word' id='word_1_36' title='bbox 28 814 203 862; x_wconf 83' lang='lat' dir='ltr'>bantur</span> <span class='ocrx_word' id='word_1_37' title='bbox 239 814 351 862; x_wconf 87' lang='lat' dir='ltr'>sic:</span> <span class='ocrx_word' id='word_1_38' title='bbox 403 810 516 862; x_wconf 72' lang='lat' dir='ltr'>Vir.</span> <span class='ocrx_word' id='word_1_39' title='bbox 555 811 620 858; x_wconf 82' lang='lat' dir='ltr'>V.</span> <span class='ocrx_word' id='word_1_40' title='bbox 664 812 725 860; x_wconf 89' lang='lat' dir='ltr'>A.</span> <span class='ocrx_word' id='word_1_41' title='bbox 767 812 818 861; x_wconf 89' lang='lat' dir='ltr'>S.</span> <span class='ocrx_word' id='word_1_42' title='bbox 883 812 941 859; x_wconf 90' lang='lat' dir='ltr'>P.</span> <span class='ocrx_word' id='word_1_43' title='bbox 1004 812 1063 858; x_wconf 89' lang='lat' dir='ltr'>P.</span> <span class='ocrx_word' id='word_1_44' title='bbox 1129 812 1318 859; x_wconf 85' lang='lat' dir='ltr'>senario</span> 
     </span>
     <span class='ocr_line' id='line_1_8' title="bbox 29 899 1319 967; baseline -0.001 -19"><span class='ocrx_word' id='word_1_45' title='bbox 29 917 239 967; x_wconf 82' lang='lat' dir='ltr'>nempe,</span> <span class='ocrx_word' id='word_1_46' title='bbox 277 916 376 947; x_wconf 86' lang='lat' dir='ltr'>non</span> <span class='ocrx_word' id='word_1_47' title='bbox 412 899 634 964; x_wconf 59' lang='lat' dir='ltr'>q21311ario</span> <span class='ocrx_word' id='word_1_48' title='bbox 671 933 685 957; x_wconf 86' lang='lat'>‚</span> <span class='ocrx_word' id='word_1_49' title='bbox 721 899 876 947; x_wconf 87' lang='lat' dir='ltr'>multo</span> <span class='ocrx_word' id='word_1_50' title='bbox 913 900 1074 947; x_wconf 85' lang='lat' dir='ltr'>minus</span> <span class='ocrx_word' id='word_1_51' title='bbox 1099 910 1319 966; x_wconf 86' lang='lat' dir='ltr'>septena-</span> 
     </span>
     <span class='ocr_line' id='line_1_9' title="bbox 30 983 920 1050; baseline -0.002 -17"><span class='ocrx_word' id='word_1_52' title='bbox 30 985 126 1033; x_wconf 84' lang='lat' dir='ltr'>riot</span> <span class='ocrx_word' id='word_1_53' title='bbox 162 984 414 1032; x_wconf 87' lang='lat' dir='ltr'>initialium</span> <span class='ocrx_word' id='word_1_54' title='bbox 453 1000 656 1032; x_wconf 85' lang='lat' dir='ltr'>numero</span> <span class='ocrx_word' id='word_1_55' title='bbox 690 983 920 1050; x_wconf 82' lang='lat' dir='ltr'><strong>insignes.</strong></span> 
     </span>
    </p>

    <p class='ocr_par' dir='ltr' id='par_1_4' title="bbox 32 1068 1320 1207">
     <span class='ocr_line' id='line_1_10' title="bbox 163 1068 1320 1136; baseline 0 -19"><span class='ocrx_word' id='word_1_56' title='bbox 163 1071 212 1119; x_wconf 78' lang='lat'>6.</span> <span class='ocrx_word' id='word_1_57' title='bbox 253 1073 301 1120; x_wconf 86' lang='lat' dir='ltr'>Si</span> <span class='ocrx_word' id='word_1_58' title='bbox 335 1070 476 1118; x_wconf 78' lang='lat' dir='ltr'>ambo</span> <span class='ocrx_word' id='word_1_59' title='bbox 517 1079 668 1117; x_wconf 75' lang='lat' dir='ltr'>extra</span> <span class='ocrx_word' id='word_1_60' title='bbox 703 1068 941 1128; x_wconf 60' lang='lat' dir='ltr'>ordinem,</span> <span class='ocrx_word' id='word_1_61' title='bbox 963 1071 1189 1136; x_wconf 85' lang='lat' dir='ltr'>quinario</span> <span class='ocrx_word' id='word_1_62' title='bbox 1214 1080 1320 1119; x_wconf 81' lang='lat' dir='ltr'>tan-</span> 
     </span>
     <span class='ocr_line' id='line_1_11' title="bbox 32 1156 1310 1207; baseline -0.001 -1"><span class='ocrx_word' id='word_1_63' title='bbox 32 1169 134 1206; x_wconf 83' lang='lat' dir='ltr'>tum</span> <span class='ocrx_word' id='word_1_64' title='bbox 169 1157 425 1205; x_wconf 80' lang='lat' dir='ltr'>initialiurn</span> <span class='ocrx_word' id='word_1_65' title='bbox 461 1172 664 1204; x_wconf 75' lang='lat' dir='ltr'>numero</span> <span class='ocrx_word' id='word_1_66' title='bbox 720 1156 1056 1207; x_wconf 80' lang='lat' dir='ltr'>ornabantur:</span> <span class='ocrx_word' id='word_1_67' title='bbox 1118 1156 1184 1207; x_wconf 83' lang='lat' dir='ltr'>V.</span> <span class='ocrx_word' id='word_1_68' title='bbox 1247 1156 1310 1206; x_wconf 87' lang='lat' dir='ltr'>A.</span> 
     </span>
    </p>
   </div>
   <div class='ocr_carea' id='block_1_3' title="bbox 35 1242 283 1291">
    <p class='ocr_par' dir='ltr' id='par_1_5' title="bbox 35 1242 283 1291">
     <span class='ocr_line' id='line_1_12' title="bbox 35 1242 283 1291; baseline 0 -1"><span class='ocrx_word' id='word_1_69' title='bbox 35 1242 89 1291; x_wconf 88' lang='lat' dir='ltr'>S.</span> <span class='ocrx_word' id='word_1_70' title='bbox 129 1243 186 1290; x_wconf 91' lang='lat' dir='ltr'>P.</span> <span class='ocrx_word' id='word_1_71' title='bbox 226 1243 283 1290; x_wconf 87' lang='lat' dir='ltr'>P.</span> 
     </span>
    </p>
   </div>
   <div class='ocr_carea' id='block_1_4' title="bbox 30 1328 1323 1828">
    <p class='ocr_par' dir='ltr' id='par_1_6' title="bbox 30 1328 1323 1828">
     <span class='ocr_line' id='line_1_13' title="bbox 168 1328 1314 1397; baseline 0.004 -19"><span class='ocrx_word' id='word_1_72' title='bbox 168 1330 262 1389; x_wconf 82' lang='lat' dir='ltr'>Qui</span> <span class='ocrx_word' id='word_1_73' title='bbox 298 1328 462 1396; x_wconf 84' lang='lat' dir='ltr'>paullo</span> <span class='ocrx_word' id='word_1_74' title='bbox 497 1348 638 1397; x_wconf 79' lang='lat' dir='ltr'>supra</span> <span class='ocrx_word' id='word_1_75' title='bbox 683 1332 842 1383; x_wconf 84' lang='lat' dir='ltr'>dictus</span> <span class='ocrx_word' id='word_1_76' title='bbox 898 1350 924 1381; x_wconf 85' lang='lat' dir='ltr'>a</span> <span class='ocrx_word' id='word_1_77' title='bbox 982 1334 1197 1383; x_wconf 85' lang='lat' dir='ltr'>Mariano</span> <span class='ocrx_word' id='word_1_78' title='bbox 1253 1335 1314 1383; x_wconf 91' lang='lat' dir='ltr'>de</span> 
     </span>
     <span class='ocr_line' id='line_1_14' title="bbox 32 1416 1317 1484; baseline 0.002 -22"><span class='ocrx_word' id='word_1_79' title='bbox 32 1416 306 1464; x_wconf 80' lang='lat' dir='ltr'>Laurentiis</span> <span class='ocrx_word' id='word_1_80' title='bbox 325 1417 412 1482; x_wconf 83' lang='lat' dir='ltr'>(a),</span> <span class='ocrx_word' id='word_1_81' title='bbox 452 1434 597 1482; x_wconf 84' lang='lat' dir='ltr'>quem</span> <span class='ocrx_word' id='word_1_82' title='bbox 631 1418 817 1466; x_wconf 83' lang='lat' dir='ltr'>fueram</span> <span class='ocrx_word' id='word_1_83' title='bbox 854 1430 1100 1484; x_wconf 84' lang='lat' dir='ltr'>sequutus,</span> <span class='ocrx_word' id='word_1_84' title='bbox 1126 1417 1317 1467; x_wconf 71' lang='lat' dir='ltr'>Vllvir.</span> 
     </span>
     <span class='ocr_line' id='line_1_15' title="bbox 36 1500 1323 1571; baseline 0.002 -22"><span class='ocrx_word' id='word_1_85' title='bbox 36 1520 129 1567; x_wconf 81' lang='lat' dir='ltr'>pro</span> <span class='ocrx_word' id='word_1_86' title='bbox 167 1500 326 1551; x_wconf 76' lang='lat' dir='ltr'>Ludis</span> <span class='ocrx_word' id='word_1_87' title='bbox 352 1540 364 1561; x_wconf 82' lang='lat'>‚</span> <span class='ocrx_word' id='word_1_88' title='bbox 409 1502 703 1561; x_wconf 65' lang='lat' dir='ltr'>oculatim,</span> <span class='ocrx_word' id='word_1_89' title='bbox 743 1516 851 1569; x_wconf 67' lang='lat' dir='ltr'>post</span> <span class='ocrx_word' id='word_1_90' title='bbox 908 1504 1037 1571; x_wconf 86' lang='lat' dir='ltr'>apud</span> <span class='ocrx_word' id='word_1_91' title='bbox 1073 1504 1193 1552; x_wconf 88' lang='lat' dir='ltr'>alios</span> <span class='ocrx_word' id='word_1_92' title='bbox 1228 1505 1323 1569; x_wconf 71' lang='lat' dir='ltr'>legi</span> 
     </span>
     <span class='ocr_line' id='line_1_16' title="bbox 30 1570 1320 1655; baseline 0 -17"><span class='ocrx_word' id='word_1_93' title='bbox 30 1570 102 1640; x_wconf 62' lang='lat' dir='ltr'>ff</span> <span class='ocrx_word' id='word_1_94' title='bbox 147 1585 201 1638; x_wconf 90' lang='lat' dir='ltr'><em>V</em></span> <span class='ocrx_word' id='word_1_95' title='bbox 196 1590 341 1636; x_wconf 76' lang='lat' dir='ltr'>irum.</span> <span class='ocrx_word' id='word_1_96' title='bbox 377 1588 588 1635; x_wconf 74' lang='lat' dir='ltr'>Marmor</span> <span class='ocrx_word' id='word_1_97' title='bbox 616 1588 792 1652; x_wconf 83' lang='lat' dir='ltr'>ipsum,</span> <span class='ocrx_word' id='word_1_98' title='bbox 836 1589 1050 1636; x_wconf 75' lang='lat' dir='ltr'>simodo</span> <span class='ocrx_word' id='word_1_99' title='bbox 1087 1601 1320 1655; x_wconf 84' lang='lat' dir='ltr'>superest,</span> 
     </span>
     <span class='ocr_line' id='line_1_17' title="bbox 35 1673 1318 1732; baseline -0.003 -6"><span class='ocrx_word' id='word_1_100' title='bbox 35 1676 286 1727; x_wconf 83' lang='lat' dir='ltr'>consulere</span> <span class='ocrx_word' id='word_1_101' title='bbox 342 1673 470 1722; x_wconf 86' lang='lat' dir='ltr'>haud</span> <span class='ocrx_word' id='word_1_102' title='bbox 530 1674 697 1732; x_wconf 68' lang='lat' dir='ltr'>uouit,</span> <span class='ocrx_word' id='word_1_103' title='bbox 765 1677 853 1723; x_wconf 66' lang='lat' dir='ltr'>etsi</span> <span class='ocrx_word' id='word_1_104' title='bbox 895 1677 1027 1724; x_wconf 83' lang='lat' dir='ltr'>nulla</span> <span class='ocrx_word' id='word_1_105' title='bbox 1081 1676 1318 1724; x_wconf 87' lang='lat' dir='ltr'>hactenus</span> 
     </span>
     <span class='ocr_line' id='line_1_18' title="bbox 34 1759 1320 1828; baseline -0.002 -18"><span class='ocrx_word' id='word_1_106' title='bbox 34 1759 364 1828; x_wconf 82' lang='lat' dir='ltr'>praetermissa</span> <span class='ocrx_word' id='word_1_107' title='bbox 441 1759 695 1826; x_wconf 58' lang='lat' dir='ltr'>liligentiz..</span> <span class='ocrx_word' id='word_1_108' title='bbox 757 1760 1089 1807; x_wconf 71' lang='lat' dir='ltr'>chwnvc&#39;rum-</span> <span class='ocrx_word' id='word_1_109' title='bbox 1157 1772 1320 1808; x_wconf 74' lang='lat' dir='ltr'>tamen</span> 
     </span>
    </p>
   </div>
   <div class='ocr_carea' id='block_1_5' title="bbox 33 1844 1326 1995">
    <p class='ocr_par' dir='ltr' id='par_1_7' title="bbox 33 1844 1326 1995">
     <span class='ocr_line' id='line_1_19' title="bbox 33 1844 1326 1912; baseline -0.001 -18"><span class='ocrx_word' id='word_1_110' title='bbox 33 1845 305 1912; x_wconf 82' lang='lat' dir='ltr'>praesentio</span> <span class='ocrx_word' id='word_1_111' title='bbox 338 1846 487 1910; x_wconf 85' lang='lat' dir='ltr'>magis</span> <span class='ocrx_word' id='word_1_112' title='bbox 519 1896 524 1902; x_wconf 53' lang='lat'>‚</span> <span class='ocrx_word' id='word_1_113' title='bbox 604 1856 666 1893; x_wconf 68' lang='lat' dir='ltr'>tut</span> <span class='ocrx_word' id='word_1_114' title='bbox 701 1845 869 1893; x_wconf 86' lang='lat' dir='ltr'>saltem</span> <span class='ocrx_word' id='word_1_115' title='bbox 918 1856 1168 1911; x_wconf 84' lang='lat' dir='ltr'>praeoptO.</span> <span class='ocrx_word' id='word_1_116' title='bbox 1226 1844 1326 1893; x_wconf 87' lang='lat' dir='ltr'>Ve-</span> 
     </span>
     <span class='ocr_line' id='line_1_20' title="bbox 34 1929 1314 1995; baseline -0.003 -16"><span class='ocrx_word' id='word_1_117' title='bbox 34 1948 144 1979; x_wconf 80' lang='lat' dir='ltr'>rum</span> <span class='ocrx_word' id='word_1_118' title='bbox 191 1929 317 1977; x_wconf 86' lang='lat' dir='ltr'><strong>nihil</strong></span> <span class='ocrx_word' id='word_1_119' title='bbox 373 1929 484 1978; x_wconf 81' lang='lat' dir='ltr'>inde</span> <span class='ocrx_word' id='word_1_120' title='bbox 537 1947 702 1978; x_wconf 78' lang='lat' dir='ltr'>causae</span> <span class='ocrx_word' id='word_1_121' title='bbox 758 1940 947 1977; x_wconf 80' lang='lat' dir='ltr'>nostrae</span> <span class='ocrx_word' id='word_1_122' title='bbox 1005 1929 1314 1995; x_wconf 85' lang='lat' dir='ltr'>praeiudicii.</span> 
     </span>
    </p>
   </div>
   <div class='ocr_carea' id='block_1_6' title="bbox 0 2013 1327 2551">
    <p class='ocr_par' dir='ltr' id='par_1_8' title="bbox 0 2013 1327 2551">
     <span class='ocr_line' id='line_1_21' title="bbox 36 2013 1322 2083; baseline 0.001 -20"><span class='ocrx_word' id='word_1_123' title='bbox 36 2014 439 2081; x_wconf 76' lang='lat' dir='ltr'>Quandoquidem</span> <span class='ocrx_word' id='word_1_124' title='bbox 481 2014 740 2064; x_wconf 76' lang='lat' dir='ltr'>Oczdatius</span> <span class='ocrx_word' id='word_1_125' title='bbox 790 2014 917 2063; x_wconf 68' lang='lat' dir='ltr'>IIvir</span> <span class='ocrx_word' id='word_1_126' title='bbox 967 2031 1063 2083; x_wconf 78' lang='lat' dir='ltr'>pro</span> <span class='ocrx_word' id='word_1_127' title='bbox 1119 2013 1280 2064; x_wconf 74' lang='lat' dir='ltr'>Ludis</span> <span class='ocrx_word' id='word_1_128' title='bbox 1309 2051 1322 2074; x_wconf 89' lang='lat'><strong>‚</strong></span> 
     </span>
     <span class='ocr_line' id='line_1_22' title="bbox 36 2097 1320 2166; baseline 0.002 -20"><span class='ocrx_word' id='word_1_129' title='bbox 36 2118 134 2147; x_wconf 87' lang='lat' dir='ltr'>non</span> <span class='ocrx_word' id='word_1_130' title='bbox 194 2097 390 2148; x_wconf 62' lang='lat' dir='ltr'>Aedilis</span> <span class='ocrx_word' id='word_1_131' title='bbox 431 2101 659 2149; x_wconf 77' lang='lat' dir='ltr'>salutatur</span> <span class='ocrx_word' id='word_1_132' title='bbox 691 2137 705 2161; x_wconf 86' lang='lat'>‚</span> <span class='ocrx_word' id='word_1_133' title='bbox 768 2116 829 2148; x_wconf 76' lang='lat' dir='ltr'>ex</span> <span class='ocrx_word' id='word_1_134' title='bbox 888 2117 986 2164; x_wconf 87' lang='lat' dir='ltr'>quo</span> <span class='ocrx_word' id='word_1_135' title='bbox 1042 2100 1320 2166; x_wconf 76' lang='lat' dir='ltr'>colligitur,</span> 
     </span>
     <span class='ocr_line' id='line_1_23' title="bbox 36 2182 1325 2251; baseline -0.001 -19"><span class='ocrx_word' id='word_1_136' title='bbox 36 2184 263 2232; x_wconf 79' lang='lat' dir='ltr'>ludorum</span> <span class='ocrx_word' id='word_1_137' title='bbox 281 2201 451 2234; x_wconf 84' lang='lat' dir='ltr'>munus</span> <span class='ocrx_word' id='word_1_138' title='bbox 488 2203 541 2233; x_wconf 89' lang='lat' dir='ltr'>ea</span> <span class='ocrx_word' id='word_1_139' title='bbox 571 2195 848 2251; x_wconf 81' lang='lat' dir='ltr'>tempestate</span> <span class='ocrx_word' id='word_1_140' title='bbox 871 2184 931 2231; x_wconf 86' lang='lat' dir='ltr'>ab</span> <span class='ocrx_word' id='word_1_141' title='bbox 970 2182 1226 2233; x_wconf 74' lang='lat' dir='ltr'>Aedilibus</span> <span class='ocrx_word' id='word_1_142' title='bbox 1264 2184 1325 2232; x_wconf 83' lang='lat' dir='ltr'>ad</span> 
     </span>
     <span class='ocr_line' id='line_1_24' title="bbox 39 2269 1325 2337; baseline 0.002 -21"><span class='ocrx_word' id='word_1_143' title='bbox 39 2270 226 2318; x_wconf 59' lang='lat' dir='ltr'>livit-03</span> <span class='ocrx_word' id='word_1_144' title='bbox 263 2270 487 2337; x_wconf 84' lang='lat' dir='ltr'>Pompeis</span> <span class='ocrx_word' id='word_1_145' title='bbox 523 2273 822 2321; x_wconf 82' lang='lat' dir='ltr'>translatum.</span> <span class='ocrx_word' id='word_1_146' title='bbox 876 2269 1012 2319; x_wconf 83' lang='lat' dir='ltr'>Nihil</span> <span class='ocrx_word' id='word_1_147' title='bbox 1047 2272 1193 2337; x_wconf 83' lang='lat' dir='ltr'>igitur</span> <span class='ocrx_word' id='word_1_148' title='bbox 1228 2270 1325 2318; x_wconf 84' lang='lat' dir='ltr'>Ae-</span> 
     </span>
     <span class='ocr_line' id='line_1_25' title="bbox 0 2355 1324 2439; baseline 0 -36"><span class='ocrx_word' id='word_1_149' title='bbox 0 2382 3 2439; x_wconf 33' lang='grc' dir='ltr'>ι</span> <span class='ocrx_word' id='word_1_150' title='bbox 43 2355 221 2404; x_wconf 58' lang='lat' dir='ltr'>(lilibus</span> <span class='ocrx_word' id='word_1_151' title='bbox 257 2357 561 2424; x_wconf 83' lang='lat' dir='ltr'>Pompeianis</span> <span class='ocrx_word' id='word_1_152' title='bbox 584 2376 842 2409; x_wconf 88' lang='lat' dir='ltr'>commune</span> <span class='ocrx_word' id='word_1_153' title='bbox 879 2375 992 2407; x_wconf 85' lang='lat' dir='ltr'>cum</span> <span class='ocrx_word' id='word_1_154' title='bbox 1022 2358 1196 2407; x_wconf 75' lang='lat' dir='ltr'>Ludis.</span> <span class='ocrx_word' id='word_1_155' title='bbox 1237 2357 1324 2405; x_wconf 82' lang='lat' dir='ltr'>Ast</span> 
     </span>
     <span class='ocr_line' id='line_1_26' title="bbox 0 2440 1327 2512; baseline 0.004 -23"><span class='ocrx_word' id='word_1_156' title='bbox 0 2440 4 2487; x_wconf 73' lang='lat'>&#39;1</span> <span class='ocrx_word' id='word_1_157' title='bbox 42 2441 239 2491; x_wconf 83' lang='lat' dir='ltr'>ubinam</span> <span class='ocrx_word' id='word_1_158' title='bbox 301 2454 581 2511; x_wconf 86' lang='lat' dir='ltr'>praeterea,</span> <span class='ocrx_word' id='word_1_159' title='bbox 628 2446 709 2496; x_wconf 85' lang='lat' dir='ltr'>vel</span> <span class='ocrx_word' id='word_1_160' title='bbox 746 2444 994 2512; x_wconf 82' lang='lat' dir='ltr'>ecquando</span> <span class='ocrx_word' id='word_1_161' title='bbox 1026 2482 1037 2504; x_wconf 89' lang='lat'><strong><em>,</em></strong></span> <span class='ocrx_word' id='word_1_162' title='bbox 1077 2445 1130 2493; x_wconf 88' lang='lat' dir='ltr'>in</span> <span class='ocrx_word' id='word_1_163' title='bbox 1164 2443 1327 2494; x_wconf 85' lang='lat' dir='ltr'>titulo-</span> 
     </span>
     <span class='ocr_line' id='line_1_27' title="bbox 3 2533 5 2551; baseline 0 0"><span class='ocrx_word' id='word_1_164' title='bbox 3 2533 5 2551; x_wconf 66' lang='lat'>1</span> 
     </span>
    </p>
   </div>
  </div>
 </body>
</html>
