1612 2880
554 304 644 349 lla·
670 304 794 369 finis
840 305 1023 350 Priami
1039 303 1284 368 sidorum.

418 472 602 538 Nempe
640 477 757 522 citra
794 494 971 522 annum
1008 494 1140 522 acrae
1178 486 1364 521 nostrae
1417 474 1554 520 trice-

285 559 459 605 simum
495 571 719 606 octavum
753 595 763 615 .,
826 561 1145 625 Pompeianae
1179 573 1367 608 nostrae
1406 559 1552 623 siglae

284 643 346 690 D.
389 641 446 688 V.
491 645 553 691 V.
593 646 652 691 A.
695 645 742 690 S.
786 648 842 693 P.
885 650 938 694 P.
979 648 1135 693 nullae
1152 645 1416 692 obviabunt
1452 662 1550 689 ani-

284 726 455 794 pliusſs,
494 729 679 777 Tiberii
717 732 810 778 huc
873 750 1019 796 usquc
1076 745 1201 779 tutae
1257 729 1548 795 patrocinio.

280 812 345 858 At
382 812 607 860 Tiberius
637 852 646 869 ,
706 815 891 878 inquies
918 853 927 870 ,
970 815 1063 861 iam
1099 815 1282 862 obierat
1330 813 1389 859 ad
1424 813 1553 859 diem

281 899 418 947 XVI.
463 902 620 947 Martii
658 903 769 949 anni
807 920 939 947 aerae
978 916 1164 948 nostrae
1187 902 1378 966 septimi
1414 917 1552 964 supra

285 986 596 1032 tricesimum.
663 986 732 1032 Ut
769 988 885 1050 quid
923 1005 1033 1050 crgo
1071 998 1322 1034 recurrunt
1372 984 1431 1030 ad
1467 1001 1551 1029 an-

283 1089 398 1119 num
434 1072 728 1119 tricesimum
757 1085 982 1120 octavum
1011 1071 1028 1116 Ρ
1067 1072 1130 1118 At
1164 1072 1378 1118 nondum
1402 1106 1416 1127 ,
1455 1070 1549 1129 aio,

279 1159 552 1204 innotuerat
602 1156 860 1203 intervallo
919 1167 1015 1201 tam
1063 1155 1258 1201 modico
1310 1155 1551 1220 Caligulae

278 1242 579 1289 levissimum
630 1242 758 1288 iuxta
789 1279 803 1300 ,
840 1260 894 1289 ac
930 1242 1240 1289 deterrimum
1279 1243 1545 1305 ingenium.

278 1325 407 1385 Quin
446 1327 551 1391 ipso
589 1326 884 1390 principatus
910 1326 1048 1373 initio
1070 1345 1202 1391 spem
1219 1329 1394 1375 fecerat
1429 1347 1547 1377 cun-

286 1413 375 1459 ctis
406 1447 420 1470 ,
457 1423 510 1458 ut
567 1429 679 1458 cum
713 1412 905 1474 optimis
940 1411 1248 1476 Principibus
1285 1414 1546 1463 contende-

277 1511 418 1545 retur.
448 1497 577 1555 Quae
617 1498 760 1562 igitur
796 1499 1088 1562 Pompeiana
1125 1512 1436 1546 monumenta
1453 1501 1544 1547 eri-

272 1605 380 1633 mus
417 1585 651 1649 deinceps
688 1585 921 1649 prolaturi
960 1584 1090 1648 siglis
1129 1585 1299 1631 iisdem
1338 1585 1542 1650 insigni-

276 1678 356 1727 ta,
396 1671 484 1717 etsi
521 1671 731 1718 incertae
766 1670 930 1715 aetatis
955 1704 967 1724 .‚
1008 1670 1127 1715 intra
1167 1670 1428 1735 Augustaea
1466 1657 1543 1718 ni-

272 1760 536 1806 hilominus
573 1795 582 1813 ‚
623 1757 975 1819 Tiberianaque
1011 1768 1223 1820 tempora
1254 1795 1264 1812 ,
1306 1758 1383 1804 vel
1419 1759 1534 1814 fere,

273 1845 500 1895 concludi
532 1883 541 1902 ,
579 1861 667 1910 pro
707 1856 838 1891 certo
876 1842 1066 1889 habeas.
1107 1844 1161 1891 C.
1202 1843 1375 1890 ADIO.
1416 1844 1538 1891 For-

274 1945 394 1979 tasse
448 1931 543 1978 hoc
580 1946 861 1984 monemur,
901 1940 951 1974 ut
987 1927 1140 1974 Taciti
1197 1929 1268 1991 (a)
1330 1925 1536 1975 Gadium

271 2015 458 2084 lefum
494 2016 808 2064 distrahamus
846 2016 894 2061 in
925 2017 981 2064 C.
1015 2012 1200 2062 Adinm
1227 2014 1434 2080 Rufum.

394 2341 456 2398 (a)
489 2339 650 2384 Annal.
689 2338 790 2382 Lib.
830 2337 932 2381 XII.
