1612 2880
262 272 292 332 4

259 361 507 428 tritoqueq
548 381 721 429 eosque
757 381 856 412 non
891 365 1094 413 callente
1136 363 1277 411 oculo
1310 400 1324 422 ,
1381 360 1535 427 qualis
1601 357 1603 398 ἶ

258 465 345 511 τμν
379 466 691 515 κριτικοτατων
719 488 732 509 ‚
759 453 842 498 sed
880 453 1152 516 gerulorum
1189 451 1348 516 potius
1386 467 1533 497 manu

253 534 439 582 assidue
477 538 700 583 tractanti
731 575 741 592 ,
802 539 893 585 alia
929 556 1073 604 porro
1107 575 1115 594 ‚
1173 549 1316 601 atque
1354 536 1445 583 alia
1485 553 1534 582 se

256 620 383 666 ultro
421 638 530 668 saxa
569 620 778 678 dedere,
807 624 983 688 partim
1018 623 1196 687 integra
1229 661 1238 675 ,
1264 622 1442 688 partim
1476 619 1538 669 ad

253 707 574 757 calamitatem
607 728 758 774 usque
795 711 961 759 mutila
994 747 1004 767 ‚
1044 729 1097 758 ac
1134 711 1372 774 discerpta
1403 744 1415 765 5
1456 708 1539 754 iis-

254 797 366 844 dem
404 798 625 862 insignita
664 794 832 863 siglis,
873 817 993 863 quae
1031 799 1082 846 in
1132 812 1281 844 unum
1322 808 1490 845 coacta
1523 833 1535 853 ,

256 897 302 931 et
342 886 453 932 iusti
503 887 763 933 voluminis
820 888 1027 934 formam
1085 886 1406 949 impleverunt
1442 921 1451 938 ‚
1493 897 1540 932 et

256 973 326 1020 rei
364 973 509 1021 totius
547 973 689 1037 longe
727 973 1075 1020 accuratiorem
1111 972 1373 1019 exhibuere
1413 971 1539 1017 noti-

261 1060 375 1106 tiam
407 1097 415 1115 ‚
459 1073 510 1106 ut
548 1060 581 1106 ii
619 1071 817 1113 norunt„
858 1076 1065 1123 quorum
1105 1059 1154 1104 in
1195 1076 1362 1105 manus
1405 1057 1538 1103 venit

253 1145 670 1193 commentarium
709 1156 929 1192 nostrum
966 1142 1052 1189 VI.
1108 1143 1235 1208 typis
1296 1143 1538 1207 vulgatum

255 1248 335 1278 an.
388 1229 534 1278 1823.

391 1320 494 1369 Hoc
532 1321 584 1367 in
623 1319 1015 1373 Commentario,
1055 1330 1241 1384 praeter
1277 1318 1366 1364 alia
1393 1355 1404 1373 ‚
1445 1328 1537 1363 sta-

255 1417 439 1452 tueram
467 1443 480 1463 ‚
521 1406 749 1470 Pompeis
809 1404 1056 1469 quondam
1116 1420 1229 1450 cum
1291 1403 1536 1450 ,Ministris

252 1489 466 1554 Augusti
500 1492 642 1538 fuisse
678 1504 724 1538 et
762 1491 1016 1536 Ministros
1071 1489 1325 1536 Fortunae
1361 1489 1536 1553 Augu-

252 1585 390 1623 stae:
433 1577 517 1624 sed
553 1580 845 1642 posteriores
896 1579 1044 1626 hosce
1082 1586 1243 1622 tamen
1282 1570 1551 1638 prioribus

253 1668 349 1715 illis
386 1666 690 1714 institutione
746 1666 909 1731 paullo
948 1681 1192 1728 suppares.
1257 1664 1334 1712 Ad
1370 1663 1527 1713 haec:

252 1753 442 1801 conieci
471 1791 481 1808 ,
527 1751 713 1800 Aedem
749 1753 1000 1799 Fortunae
1038 1751 1291 1817 Augustae
1327 1753 1536 1817 Pompe-

254 1840 296 1887 is
332 1840 548 1887 extitisse
579 1876 590 1896 7
631 1852 882 1908 oportere,
936 1841 1015 1888 cui
1051 1841 1318 1906 peculiares
1377 1855 1534 1890 essent

252 1928 434 1977 addicti
482 1929 689 1975 Ministri
719 1965 729 1983 ,
769 1927 890 1975 dicti
927 1927 1112 1976 idcirco
1146 1927 1396 1975 Fortunae
1430 1928 1534 1975 Au-
1590 1910 1592 1947 ἶ

246 2026 420 2078 gastae
444 2051 458 2073 ,
496 2032 593 2080 quo
629 2032 654 2060 a
694 2015 934 2063 M'nistris
971 2015 1184 2079 Augusti
1228 2032 1534 2064 secerneren-
1590 2006 1592 2010 ,

251 2115 330 2149 tur
355 2121 364 2157 ;
389 2102 786 2167 coniecturaeque
823 2103 966 2150 fidem
1002 2102 1118 2149 fecit
1155 2114 1368 2151 eventus.
1409 2103 1534 2151 Nam

255 2205 383 2238 anno
418 2191 696 2254 insequente
722 2190 780 2237 de
818 2190 1162 2255 Pompeiorum
1200 2190 1532 2239 effossionibus

260 2275 371 2323 talia
411 2275 635 2342 prodiere
671 2288 1001 2332 monumenta,
1023 2295 1143 2341 quae
1181 2294 1279 2324 rem
1315 2294 1526 2335 omnem,
1586 2280 1587 2283 ’

255 2362 376 2409 eitra
413 2380 549 2428 spem
579 2398 592 2421 a
650 2381 750 2411 non
788 2365 906 2412 ultra
946 2375 1055 2413 vota
1083 2403 1097 2426 ‚
1157 2365 1219 2413 ita
1280 2364 1531 2414 confirma-

256 2460 459 2507 runt,ut
493 2465 552 2497 ne
591 2448 808 2499 hiscendi
846 2449 1041 2519 quidem
1079 2462 1247 2501 eontra
1281 2451 1415 2501 locus
1451 2468 1528 2527 suf
