1612 2880
260 261 324 320 54

263 346 306 391 ei
343 345 596 407 contigerit
620 377 633 400 .,
686 345 745 393 de
803 342 993 393 adlecco
1049 347 1178 392 inter
1229 343 1535 391 Decurz'ones

262 428 568 492 cogitandum
608 430 716 476 erit.

454 1156 464 1166 .
508 1157 519 1168 .
567 1154 577 1165 .
625 1118 814 1172 ,1.1ἶ.
855 1119 983 1167 VIR.
1024 1120 1131 1166 I.D

279 1244 290 1256 .
335 1243 348 1258 .
394 1243 404 1254 .
447 1205 673 1256 SilvaNI.
713 1207 774 1254 D.
812 1205 877 1251 V.
917 1205 978 1253 V.
1019 1210 1079 1253 A.
1122 1208 1170 1254 S.
1211 1206 1267 1252 P.
1307 1208 1345 1254 P

284 1296 345 1341 V.
371 1297 425 1343 C.
450 1314 565 1363 779.
587 1297 660 1344 M.
684 1292 1205 1351 SANQVIMO.COS.
1248 1293 1308 1338 A.
1354 1291 1412 1337 V.
1446 1293 1530 1342 26.

400 1467 582 1515 Desunt
603 1469 798 1516 nomina
822 1467 1015 1517 l'lvirum
1035 1464 1072 1513 I.
1097 1466 1159 1512 D.
1189 1483 1300 1513 cum
1320 1465 1529 1513 nomini-

262 1553 352 1600 bus
380 1555 441 1601 D.
471 1556 532 1600 V.
560 1552 624 1601 V.
650 1554 710 1601 A.
742 1555 790 1601 S.
813 1553 1001 1618 Lipsius
1025 1553 1220 1600 biennio
1239 1564 1349 1617 post
1373 1552 1528 1599 consi—

267 1653 376 1703 gnat
394 1646 572 1687 annum
594 1642 866 1689 consulatus
879 1641 1024 1706 primi
1045 1640 1297 1704 Sanquinii
1310 1638 1526 1689 Maximi.

265 1724 461 1773 Rectius
495 1728 696 1775 sortasse
731 1727 916 1792 primus
953 1725 1206 1790 Sanquinii
1225 1726 1493 1774 consulatus
1517 1761 1531 1784 .,

265 1814 402 1877 isque
439 1814 662 1862 suffectus
686 1851 699 1872 ,
738 1828 862 1862 retro
899 1813 1154 1860 trahendus
1190 1814 1250 1861 acl
1286 1833 1364 1861 an.
1413 1830 1527 1878 779.

261 1898 403 1955 Quod
441 1900 480 1945 si
517 1912 645 1947 recte
682 1902 894 1954 factum,
934 1899 1021 1945 NI.
1062 1899 1211 1946 lineae
1248 1901 1528 1964 antepenul-

259 1986 402 2033 timae
439 1986 738 2034 reddendum
776 1988 866 2033 erit
891 1985 1092 2042 Silvani,
1117 1987 1200 2050 qui
1235 2004 1346 2033 cum
1383 1986 1528 2034 Pom-

255 2073 367 2137 peio
439 2073 622 2121 Macula
660 2072 789 2124 fivir
838 2074 953 2120 alter
989 2074 1217 2139 processit
1272 2074 1334 2119 V.
1375 2072 1433 2121 A.
1475 2075 1526 2122 S.

258 2158 366 2216 Quo
403 2160 451 2205 in
508 2178 619 2208 casu
669 2161 987 2224 fragmentum
1039 2161 1131 2208 hoe
1183 2161 1524 2225 aliquantisper

253 2248 480 2310 nuperiUs
515 2246 807 2294 censendum
832 2282 844 2302 .‚
882 2265 992 2310 prae
1050 2247 1191 2293 allato
1229 2249 1279 2293 in
1336 2266 1386 2293 n.
1440 2263 1518 2297 12.

253 2332 384 2397 quod
420 2333 614 2380 exhibet
650 2333 877 2380 Consules
926 2332 1190 2379 ordinarios
1252 2333 1307 2380 C.
1365 2333 1525 2382 Calvi—
