1612 2880
816 666 1049 679 ooooo

658 897 882 943 Sacram.
924 907 1004 936 ex.
1048 893 1105 939 D.
1181 888 1222 934 D

832 978 1015 1027 IVSSV

514 1069 581 1117 M.
624 1066 829 1115 ALLEI.
870 1064 1083 1111 LVCCI.
1116 1061 1328 1108 LIBEL.

534 1157 600 1203 M.
641 1153 978 1201 STLABORI.
1019 1147 1327 1196 FRONTON

627 1221 805 1281 vfiffl.
846 1234 883 1280 1.
926 1234 986 1280 D.
1027 1232 1233 1291 QVINQ

557 1322 622 1381 Q.
664 1320 927 1370 POMPEI.
967 1319 1290 1368 MACVLAE'

586 1408 653 1462 M„
692 1405 977 1454 FVLVINI.
1038 1404 1278 1452 SILVAm·

269 1494 360 1542 *V.
406 1495 462 1544 C.
552 1513 666 1562 779-
705 1495 765 1541 D.
796 1493 938 1541 V.A.
969 1491 1100 1538 S.P.
1139 1491 1196 1535 P.
1273 1491 1330 1537 A.
1374 1490 1436 1539 V.
1481 1489 1563 1538 26.

511 1583 568 1626 C.
610 1576 926 1627 CALVlSlO.
965 1576 1067 1622 CN.
1109 1574 1344 1624 Lentulo.

868 1665 983 1713 COS

431 1754 487 1800 In
526 1754 791 1817 fragmento
846 1772 893 1817 7.
933 1770 979 1800 v.
1022 1769 1066 1798 2.
1123 1750 1407 1798 offendimus
1462 1749 1564 1797 CN.

297 1836 607 1885 ALLEIVM.
635 1839 691 1884 L.
725 1875 736 1885 .
769 1873 778 1883 .
803 1856 948 1901 quem
970 1832 1226 1898 Laccizng
1249 1837 1320 1884 *vel
1340 1835 1573 1882 Libellum

296 1944 321 1971 e
356 1927 496 1973 titulo
556 1926 648 1972 hoc
688 1924 1032 1971 restituendum
1067 1925 1237 1988 opinor
1261 1963 1274 1983 ‚
1317 1922 1571 1970 Alleorum

294 2012 561 2060 Libertum.
619 2010 861 2060 Stlaborii
883 2050 891 2065 ,
931 2011 1009 2058 cui
1067 2011 1338 2059 Frontonis
1389 2026 1572 2073 cogno-

295 2117 425 2149 men„
448 2115 616 2144 nomen
655 2098 937 2146 inauditum.
976 2096 1063 2143 Vir
1102 2114 1201 2142 sme
1241 2097 1389 2143 dubio
1426 2099 1569 2144 Pom-

296 2187 514 2251 peiorum
552 2186 776 2250 insignis,
841 2186 918 2231 cui
957 2184 1329 2248 quinquiplicari
1385 2183 1570 2230 Duovi-

299 2285 451 2318 ratum
508 2272 544 2318 Ι.
585 2271 644 2317 D.
701 2271 921 2333 contigit.
983 2269 1173 2315 Tertius
1203 2306 1212 2323 ‚
1275 2280 1320 2315 et
1377 2280 1571 2332 quartus

297 2357 672 2409 Duumviratus,
734 2367 785 2401 ut
835 2356 1082 2408 conficio,
1125 2355 1195 2400 illi
1233 2354 1474 2401 obvenere
1508 2352 1568 2399 ad

300 2458 447 2486 annos
500 2460 616 2505 777.
662 2454 706 2487 et
743 2440 859 2503 778.
901 2442 961 2487 At
995 2441 1093 2488 duo
1130 2440 1211 2486 alii
1265 2440 1451 2506 priores
1491 2456 1572 2486 au-
