1612 2880
254 229 319 275 88

249 311 371 357 mini
409 308 488 356 ille
524 322 688 359 nostro
723 309 958 376 pepercit.
1016 307 1269 373 Benigne:
1311 308 1396 356 etsi
1433 308 1555 377 sine·

257 396 418 458 gratia.
472 395 533 443 Et
570 413 655 443 suo
692 413 781 442 nos
834 395 981 460 ipsius
1041 395 1313 460 parcimus,
1349 412 1408 441 ne
1444 394 1536 440 mi-

251 498 397 539 nores
437 479 700 528 videamur.
741 478 941 527 Utinam
992 497 1102 528 cum
1164 479 1307 544 gratia
1346 477 1537 543 aliqua!

387 562 481 612 Sed
538 576 696 612 nostra
735 583 847 613 cum
883 565 979 612 suis
1016 566 1104 613 hac
1141 565 1189 611 in
1243 582 1381 613 causa
1419 582 1536 612 con—
1598 585 1599 630 3

250 648 444 696 tendere
480 650 689 707 iterum,
731 651 1008 716 neutiquam
1057 649 1392 699 formidamus.
1454 652 1535 700 Sic

254 733 396 796 igitur
435 735 515 782 ille
544 753 554 781 :

548 903 610 953 D.
654 904 713 949 V.
755 904 817 950 V.
857 903 918 950 A.
959 901 1008 950 S.
1049 903 1104 953 Ρ.
1147 906 1202 952 Ρ.

262 1091 490 1130 Πυαηιιίἰί.
533 1088 648 1129 Urbi.
690 1092 907 1132 Annonae.
952 1089 1230 1132 Sollemnibus.
1273 1090 1388 1145 publ.
1415 1104 1530 1147 proc.

380 1245 478 1293 Nos
515 1263 572 1292 ex
608 1247 809 1294 adverso
838 1266 848 1294 τ

239 1332 520 1378 Duumvirc'.
550 1332 836 1395 votz‘s.Accg.
865 1335 1118 1399 susceptis.
1162 1334 1331 1400 Pomp.
1376 1336 1521 1384 Proc.

375 1417 447 1464 De
484 1418 746 1482 penultima
787 1419 842 1464 P.
885 1435 1054 1482 parum
1093 1419 1292 1467 solliciti
1329 1439 1527 1480 summ,

238 1514 399 1550 utrum
429 1503 627 1570 publice
654 1543 661 1553 .
702 1523 762 1551 an
801 1505 1083 1571 Pompeiam.
1106 1505 1447 1570 interpreteris.
1471 1506 1527 1553 Iu

239 1588 370 1635 idem
405 1588 585 1652 quippe
622 1587 746 1634 redit
783 1600 1055 1652 utrumque.
1115 1588 1396 1654 Pompeian.
1436 1608 1524 1655 po-

242 1673 334 1719 tius
372 1673 654 1736 optabamus
680 1710 689 1728 ‚
729 1672 860 1736 quod
897 1672 1100 1720 initiales
1158 1686 1345 1722 nostrae
1375 1713 1383 1730 ‚
1422 1676 1523 1722 sine

240 1759 462 1822 exemplo
496 1758 680 1813 simili,
742 1758 1078 1822 Pompeiorum
1116 1757 1339 1806 ι’διωτικαι
1393 1774 1519 1808 sunt.

239 1844 414 1892 Paucis
436 1878 448 1899 a
474 1861 595 1907 quae
630 1843 689 1890 ad
715 1843 1050 1890 Procuratores
1077 1843 1219 1890 hosce
1240 1845 1522 1908 pertinuisse

238 1929 355 1975 olim
394 1929 647 1982 videntur,
689 1930 1082 1992 complectamur.

380 2029 421 2058 1.
461 2011 518 2057 Hi
559 2011 673 2063 duo,
714 2025 765 2058 ut
800 2029 998 2058 numero
1052 2011 1168 2057 olim
1213 2012 1390 2059 Romae
1429 2031 1512 2063 ve-

234 2098 477 2144 tustissimi
518 2098 670 2144 Ilwiri
706 2097 848 2143 Sacr.
869 2094 1116 2161 facicmd.

370 2195 414 2225 2.
456 2180 746 2229 Sacerdotes
784 2183 882 2228 sine
920 2181 1087 2236 dubio,
1112 2197 1316 2244 quorum
1354 2194 1513 2231 tamen

238 2264 566 2313 Sacerdotium
605 2286 813 2315 aunuum
842 2305 854 2326 ,
895 2287 991 2316 non
1032 2277 1334 2331 perpetuum.

364 2349 412 2395 3.
460 2352 696 2399 Jlsmxcercs
736 2354 919 2402 idcirco
958 2354 1094 2419 longe
1157 2354 1394 2419 dignitate
1433 2372 1513 2399 an—
