1612 2880
1263 228 1326 279 83

0 305 2 309 ’
58 318 213 368 nota,
254 326 345 375 qua
380 327 466 356 nos
502 320 598 356 tam
653 304 859 376 benigne
912 313 1233 360 muneratur?
1274 314 1337 361 Et

0 409 1 415 ¹
53 396 199 442 fuerit
234 396 351 443 haec
386 392 581 457 quidem
638 395 736 442 sive
797 397 1037 443 temeritas
1065 434 1080 456 ‚
1142 398 1242 444 sive
1300 393 1327 445 η’

48 480 185 535 μοένια
210 517 223 541 ,
261 479 650 546 quandoquidem
700 497 808 528 suos
847 482 1051 545 quisque
1114 483 1323 546 patimur

50 582 228 612 manes.
269 563 358 611 Sed
396 564 446 609 in
500 563 652 611 fundo
706 576 901 621 tamen,
960 567 1007 612 in
1056 582 1201 629 quem
1238 566 1325 613 etsi

49 648 165 697 iuris
200 649 415 715 publici,
456 649 548 714 ipsi
584 662 630 697 et
666 653 811 716 primi
846 664 892 700 et
927 652 1013 700 uni
1050 653 1179 698 viam
1203 687 1214 706 ἦ
1243 652 1324 699 vel

48 734 260 779 semitam
293 749 628 796 aperueramus
650 769 663 792 .,
700 736 802 782 sine
822 736 966 782 ullius
992 753 1115 782 noxa
1143 770 1156 791 ‚
1196 736 1322 784 iniu*

45 820 170 868 riave
195 852 208 874 ‚
249 817 348 864 sine
385 819 567 867 ambitu
593 856 603 875 ,
642 832 722 867 aut
759 839 841 886 spe
877 820 1075 867 ineundi
1113 821 1314 885 gratiam

45 903 188 952 abiis
218 937 230 957 .,
285 904 461 968 quibus
509 906 627 953 utile
689 917 758 952 est
810 906 1063 969 placuisse.
1119 904 1320 954 Adeone

45 1004 181 1052 porro
219 988 462 1045 absurda,
518 991 709 1054 levique
756 989 954 1038 brachio
1000 1004 1141 1046 acta,
1200 1010 1320 1058 quae

41 1072 95 1119 de
130 1073 202 1119 his
221 1074 497 1131 attulimus,
530 1075 830 1123 coniecturas
857 1075 1054 1121 demum
1076 1109 1088 1129 ‚
1127 1076 1317 1123 oracula

41 1174 303 1220 numquam
325 1193 336 1213 ‚
366 1157 616 1205 fundentes
639 1157 658 1202 ?
696 1159 829 1222 atqui
849 1158 1066 1205 decimus
1102 1159 1175 1206 his
1201 1177 1321 1223 pen-

33 1241 230 1288 sitandis
271 1243 362 1288 iam
401 1243 569 1289 teritur
604 1261 773 1289 annus.
815 1243 1024 1303 Quotam
1062 1244 1141 1291 ille
1171 1279 1184 1300 .,
1222 1244 1315 1292 uti-

34 1327 216 1374 liorum
251 1327 528 1383 consulens,
568 1326 620 1372 in
658 1324 830 1374 iisdem
852 1328 1081 1392 temporis
1118 1328 1190 1375 sui
1209 1345 1317 1391 par-

34 1425 132 1459 tem
167 1409 464 1475 insumpsit?
505 1427 673 1457 verum
709 1411 825 1458 haec
881 1429 992 1459 vera
1054 1411 1273 1475 quamvis
1302 1448 1314 1466 7

33 1498 185 1544 aliena
228 1508 382 1542 tamen
411 1533 419 1551 ‚
460 1496 647 1543 fortean
679 1496 877 1562 puerilia
906 1496 924 1541 ἒ)
964 1497 1104 1544 Nunc
1132 1532 1144 1553 ‚
1185 1497 1318 1562 quod

34 1582 181 1629 instat
210 1616 222 1636 ἢ
262 1599 472 1646 agamus.

167 1667 245 1714 Ad
279 1666 471 1714 Aediles
508 1667 668 1731 itaque
689 1667 1040 1731 Pompeianos,
1080 1678 1214 1731 putat
1243 1667 1313 1714 vir

33 1750 203 1800 doctus
226 1790 238 1812 ‚
260 1752 399 1816 siglas
418 1763 603 1799 nostras
623 1753 722 1803 iure
741 1788 756 1810 ,
776 1751 1010 1814 uniceque
1031 1750 1311 1814 respexisse,

32 1835 116 1899 qui
151 1852 418 1894 annonam,
475 1833 651 1890 aedes,
691 1833 830 1882 ludos
867 1834 1123 1888 curabant,
1164 1844 1218 1880 ut
1254 1851 1314 1881 ex

32 1921 313 1970 Everhardo
352 1921 540 1969 Othone
577 1920 758 1967 discere
794 1937 881 1966 nos
944 1932 1128 1966 monet.
1166 1917 1314 1978 Quasi

31 2007 90 2054 ab
128 2008 219 2054 hoc
255 2016 363 2053 ante
397 2006 518 2053 alios
556 2007 605 2053 id
624 2003 859 2052 edocendi
876 2004 1127 2051 fuissemus
1151 2005 1160 2050 !
1187 2003 1313 2050 lllud

29 2091 179 2155 magis
217 2089 479 2137 curandum
519 2088 798 2142 videbatur,
837 2105 896 2133 an
922 2088 1311 2135 Everhardimo-

28 2176 128 2222 nita
164 2172 426 2238 quidquam
487 2190 744 2221 commune
800 2190 910 2219 cum
962 2190 1053 2227 eoq
1113 2170 1173 2220 de
1209 2192 1307 2238 quo

29 2258 184 2321 agitur
214 2292 226 2313 7
264 2257 534 2304 habuerint.
574 2257 645 2303 Ne
684 2256 879 2320 longum
932 2257 1163 2304 faciamus
1189 2294 1201 2317 ,
1243 2259 1311 2304 sic

31 2341 109 2388 ille
144 2341 349 2387 initiales
385 2340 693 2406 pompeianas
731 2339 1076 2401 interpretatur
1111 2358 1123 2386 ι

930 2408 958 2435 κ
