1612 2880
231 249 295 296 82

359 333 451 380 Ad.
479 350 558 378 an.
582 330 843 396 V.C.798.
874 327 984 376 Aer.
1010 328 1140 392 vulg.
1183 327 1266 390 45.
1304 328 1380 374 Du
1394 345 1499 375 um-

224 418 317 467 viri
353 420 392 466 I.
433 418 494 464 D.
536 428 790 465 occurrent
815 415 876 475 Q.
905 414 1180 462 Postumius
1217 414 1487 470 Modestus,

226 515 272 550 et
308 501 365 549 C.
404 502 578 550 Vibius
637 500 905 549 Secundus.
966 501 1028 548 Et
1086 517 1173 565 pro
1228 517 1353 546 anno
1405 499 1494 546 de-

226 603 362 635 mum
397 584 515 645 814.
555 601 651 632 aer.
691 584 825 648 vulg.
877 581 958 630 61.
998 584 1054 630 L.
1113 583 1268 631 Julius
1327 583 1500 633 Ponti-

229 689 314 721 cus
341 705 354 729 ,
393 683 439 718 et
475 670 532 719 P.
570 669 750 717 Gavius
777 667 965 718 Pastor.

778 894 819 957 §.
858 896 944 946 VI.

229 1112 377 1162 IVova
413 1111 673 1161 initialium
709 1122 989 1162 nostrarum
1044 1111 1130 1160 abs
1179 1112 1370 1161 eradico
1410 1121 1511 1165 viro

296 1199 544 1269 proposita
580 1199 914 1263 interpretatio
952 1195 1264 1266 expenditur.

374 1367 472 1414 Vix
507 1384 703 1414 manum
725 1404 737 1423 ,
776 1378 828 1414 ut
863 1367 1026 1424 aiunt,
1066 1367 1126 1414 de
1164 1367 1321 1415 tabula
1344 1403 1358 1427 ‚
1398 1386 1512 1419 cum

239 1469 352 1501 ecce
388 1455 460 1500 vir
496 1453 641 1518 longe
691 1452 901 1500 eruditus
925 1487 938 1509 .‚
979 1453 1154 1500 eiurata
1176 1489 1189 1510 v
1228 1471 1373 1518 quam
1407 1467 1515 1504 ante

239 1538 291 1585 in
324 1538 397 1584 his
434 1540 673 1605 professus
707 1539 859 1585 fuerat
883 1573 894 1593 7
933 1538 1070 1585 docta
1098 1576 1108 1594 ‚
1148 1539 1312 1587 nescio
1350 1558 1512 1604 quam,

239 1622 536 1687 ignorantia,
575 1622 769 1669 tandem
809 1639 868 1668 ex
903 1633 1131 1685 augurato
1183 1639 1284 1668 rem
1320 1640 1515 1670 omnem

243 1704 591 1768 expediendam
628 1706 845 1770 capessit.
899 1705 1106 1769 Optume
1168 1706 1369 1753 sactum.
1425 1706 1519 1754 Sed

241 1801 456 1837 nostram
494 1790 670 1853 ecquid
710 1789 758 1835 in
797 1787 962 1835 eodem
983 1788 1176 1853 negotio
1204 1806 1398 1854 operam
1417 1792 1521 1839 (ἰοὶ-.-

244 1873 451 1920 locatam
478 1908 490 1928 ‚
530 1873 644 1919 dum
682 1873 856 1921 nostris
909 1872 990 1918 ille
1048 1872 1239 1937 proficit
1267 1908 1279 1930 .,
1319 1885 1415 1921 tam
1453 1876 1524 1922 fa·-

245 1963 441 2013 stidiose
477 1961 673 2027 arguit?

382 2047 656 2095 Meminisse
693 2063 803 2094 eum
861 2055 1134 2109 oportuerat
1158 2079 1171 2101 .,
1212 2062 1324 2092 cum
1384 2046 1523 2110 siglas

246 2143 434 2181 nostras
488 2131 707 2199 primitus
760 2128 1004 2185 audisset5
1043 2126 1102 2173 ab
1157 2145 1204 2174 se
1258 2127 1317 2173 ad
1367 2131 1524 2193 spuria

245 2218 404 2263 statim
442 2216 744 2270 amandatas3
785 2214 1021 2278 legitimas
1056 2212 1230 2259 deinde
1267 2232 1523 2278 agnoscere

247 2311 489 2355 coactum,
518 2298 634 2345 nihil
677 2298 735 2344 de
756 2297 926 2346 iisdem
946 2296 1127 2344 hiscere
1159 2314 1320 2343 ausum
1359 2299 1521 2347 fuisse.

246 2382 492 2446 Quaenam
531 2403 581 2432 ea
621 2383 924 2442 temeritatis,
966 2382 1114 2429 immo
1171 2393 1215 2430 et
1255 2377 1327 2432 τ’ἶς
1361 2397 1523 2447 {hamas
