1612 2880
1294 285 1360 332 85

79 390 255 441 porum
288 370 560 422 huiusmodi
594 368 829 417 ambitum
848 371 988 435 siglas
1012 380 1195 417 nostras
1233 387 1353 418 con-

78 459 254 515 tineri,
291 472 524 504 marmora
561 456 781 502 universa
815 492 825 510 ,
865 455 1220 519 parietinaeque
1283 454 1359 500 in-

79 544 350 610 scriptiones
399 557 564 588 omnes
618 540 843 588 clamant.
884 540 988 600 Qua
1043 556 1131 586 nos
1168 537 1351 586 ratione

74 628 275 696 permoti
306 627 561 692 praecipue
597 625 876 689 Augustum
933 625 1021 672 sub
1060 623 1234 672 initiali
1272 623 1352 672 illa

76 718 251 765 latitare
282 749 291 768 ‚
333 712 648 759 coniecimus.

204 795 249 844 3.
290 795 420 854 Quid
454 795 521 842 w*
559 793 862 844 sollemnibus
919 810 1028 842 cum
1065 792 1229 858 quinta
1268 788 1359 836 ini-

75 881 167 930 tiali
202 877 278 928 S?
331 877 420 927 Est
456 892 503 926 et
548 880 758 927 insanire
817 875 1087 926 sollemnia.
1145 874 1270 923 Nam
1307 885 1356 923 et

71 961 202 1015 Ludi
258 963 508 1013 sollemnes
538 1003 547 1021 ,
605 977 651 1013 et
707 963 960 1012 sollemnes
1016 961 1211 1030 Epulae
1235 999 1251 1022 ,
1305 970 1354 1010 et

68 1049 286 1116 Nuptiae
322 1048 571 1097 sollemnes
599 1084 612 1105 .,
652 1061 700 1097 et
734 1047 981 1097 sollemnia
1016 1047 1225 1095 Funera
1252 1085 1263 1104 ‚
1302 1060 1350 1098 et

67 1133 313 1184 sollemnia
348 1152 594 1200 nunquam
641 1135 892 1188 incurres,
933 1133 1027 1180 nisi
1084 1145 1192 1181 ante
1231 1134 1350 1181 insi-

67 1230 207 1266 nuata
243 1210 325 1280 rei,
364 1219 499 1268 cuius
517 1230 626 1266 sunt
643 1216 915 1265 sollemnia.
938 1218 1017 1265 Sic
1037 1217 1230 1266 Tacitus
1251 1218 1341 1284 (a):

66 1309 244 1350 cuncta
278 1305 556 1371 nuptiarum
577 1301 828 1351 sollemnia
847 1300 1104 1351 celebrata.
1126 1304 1205 1352 Sic
1241 1304 1354 1353 Vir-

68 1389 208 1453 gilius
247 1389 325 1455 (b)
350 1408 362 1438 τ

64 1474 117 1522 E
118 1483 135 1521 t
149 1480 361 1521 statuent
376 1471 627 1529 tumulum,
642 1481 689 1521 et
705 1471 888 1522 tumulo
905 1470 1155 1521 sollemnia
1169 1476 1355 1520 mittent

203 1557 453 1604 Praemitti
488 1556 631 1622 igitur
665 1558 917 1623 oportebat
974 1559 1212 1607 initialem
1244 1561 1301 1608 L.
1330 1597 1346 1623 ,

65 1643 106 1692 si
139 1641 201 1689 ad
237 1639 403 1690 Ludos
428 1641 673 1690 referenda
699 1649 756 1689 τοί
775 1642 1023 1692 sollemina
1045 1644 1342 1696 debuissent.

202 1726 251 1787 [4.
290 1728 405 1776 Esto
441 1728 641 1776 tacitum
678 1728 822 1776 etiam
852 1726 1104 1777 Ludorum
1137 1746 1338 1788 nomen,

65 1822 113 1858 et
147 1810 208 1858 ad
260 1812 348 1859 hos
407 1813 655 1861 trahantur
714 1811 783 1863 ‘ta'
816 1811 1081 1861 sollemnia.
1137 1814 1349 1874 Quinam

67 1908 226 1944 autem
263 1895 398 1945 Ludi
425 1936 435 1955 ‚
475 1898 560 1964 qui
595 1897 656 1945 ab
715 1897 966 1947 Aedilibus
1015 1899 1348 1949 curabantur?

69 1980 235 2029 civiles
269 1982 487 2048 profecto
517 2002 527 2041 ;
568 2000 682 2031 nam
715 1994 763 2031 et
779 1984 1008 2032 Aedilitas
1045 1985 1349 2051 magistratus

68 2079 168 2116 erat
205 2067 358 2116 civilis
380 2103 395 2127 ,
430 2085 529 2118 non
565 2085 719 2118 sacer.
760 2068 1009 2120 Aedilibus
1045 2069 1232 2121 idcirco
1270 2072 1347 2121 ius

207 2376 270 2433 (a)
302 2373 405 2420 Lib.
442 2373 526 2419 XI.

197 2453 271 2512 (b)
302 2454 488 2500 Aeneid.
525 2453 600 2498 Vl.
