1612 2880
1280 292 1339 347 ¹9

187 356 334 424 quue
370 357 483 404 adeo
520 373 713 411 verum,
757 368 807 404 ut
857 371 1082 416 mortuo,
1126 377 1236 408 cum
1274 361 1336 407 de

49 444 328 493 funebribus
360 451 571 507 ageretur
598 478 614 501 ,
655 441 901 492 obiectum
958 464 982 492 a
1037 445 1329 512 quibusdam

48 532 148 578 sit:
185 527 304 578 nihil
335 529 547 575 Deorum
599 524 862 579 honoribus
922 529 1141 580 relictam
1170 570 1184 592 ‚
1221 551 1331 582 cum

49 634 101 663 se
135 614 314 683 templis
335 649 348 671 o
383 623 430 661 et
465 609 634 678 effigie
672 617 918 664 numinum
929 635 1025 683 per
1057 618 1331 679 FlamineS,

47 718 94 754 et
129 700 411 754 Sacerdotes
449 699 545 748 coli
569 699 708 752 vellet
750 701 840 766 (a).
882 705 975 763 Qui
998 706 1110 754 vivo
1133 708 1328 756 fuerant

49 791 256 841 attributi
306 789 462 837 divini
514 792 757 851 honore8‚
798 807 844 841 et
903 792 1139 842 defuncto
1191 796 1325 843 aucti

50 893 228 926 summo
262 875 416 924 studio
445 914 455 932 ‚
494 894 551 925 ac
586 877 818 942 religione
837 877 1025 927 Tiberii
1058 918 1067 933 ,
1109 881 1326 946 inquam

51 982 147 1012 rem
179 980 273 1010 non
309 963 603 1012 omittendus
642 964 776 1013 locus
814 965 974 1014 Taciti
996 967 1075 1031 (h)
1113 967 1232 1013 alius
1257 967 1331 1013 in-

48 1049 216 1115 signis:
256 1048 510 1116 sepultura
562 1068 691 1099 more
739 1051 1002 1117 perfecta,
1064 1050 1287 1119 templum
1314 1088 1331 1110 .,

43 1148 88 1185 et
121 1134 348 1185 caelestes
386 1137 641 1203 religiones
693 1136 1063 1195 decernuntur,
1121 1157 1207 1205 per
1243 1139 1330 1186 Ti-

42 1225 218 1274 berIum
255 1227 490 1292 intellige.
531 1226 624 1274 Sed
661 1226 858 1275 Tiberio
894 1246 919 1275 e
957 1228 1080 1276 vivis
1118 1226 1327 1282 sublata,

39 1312 260 1363 Ministri
291 1313 489 1379 quidem
524 1315 780 1362 Fortunae
806 1315 1065 1381 Augustae
1092 1317 1143 1363 in
1179 1316 1329 1365 Pom-

37 1402 217 1469 peianis
254 1400 496 1467 lapidibus
533 1401 734 1450 obviant
762 1437 776 1458 .,
816 1402 962 1449 semel
1013 1402 1073 1450 ad
1133 1421 1212 1450 an.
1255 1401 1320 1450 V.

39 1487 94 1533 C.
136 1506 228 1554 797
262 1506 272 1539 t,
313 1488 487 1536 iterum
522 1488 584 1535 ad
620 1506 800 1535 annum
826 1488 1159 1553 insequentem
1198 1489 1319 1557 798.

36 1574 241 1639 denique
276 1574 336 1622 ad
355 1591 535 1622 annum
554 1573 583 1621 8
597 1574 673 1634 14.
692 1591 921 1638 aeraeque
942 1574 1152 1638 vulgaris
1170 1593 1322 1623 unum

38 1678 174 1728 supra
212 1662 576 1726 sexagesimum.
617 1661 680 1708 At
715 1661 774 1708 de
799 1662 1045 1709 Ministris
1087 1661 1319 1724 Augusti,

37 1749 242 1816 itemque
291 1749 452 1804 ‘iiviris
503 1747 567 1795 V.
626 1749 685 1795 A.
725 1751 773 1796 S.
838 1750 892 1795 P.
934 1752 990 1798 P.
1045 1750 1174 1796 nulla
1249 1769 1326 1796 us-

36 1855 180 1904 quam
213 1840 388 1888 iniecta
425 1840 629 1905 amplius
667 1838 866 1885 mentio.
909 1835 1054 1883 Unde
1092 1838 1185 1884 hoc
1222 1837 1324 1883 dis-

37 1924 217 1972 crimen
273 1926 529 1974 arcessas?
589 1924 841 1971 Tiberium
894 1923 1140 1970 consecuti
1181 1922 1319 1970 Priw

38 2011 164 2075 cipes
185 2047 198 2068 ,
225 2013 487 2061 maioribus
508 2012 738 2077 neglectis
763 2049 773 2066 ‚
800 2011 962 2058 divina
985 2048 993 2065 ‚
1016 2011 1321 2074 humanaque

39 2097 192 2143 onmia
230 2096 289 2144 ad
306 2108 457 2145 semet
492 2095 729 2145 invidiose
774 2095 958 2144 trahere
995 2094 1321 2157 conabantur,

165 2382 230 2440 (a)
263 2380 408 2425 Tacit„
445 2382 529 2427 loc.
568 2387 640 2427 cie.

165 2460 230 2519 (b)
264 2460 379 2505 Ibid.
