1612 2880
231 245 295 295 3'0

226 336 426 383 biennio
466 337 1061 402 consequitur'recitatum
1100 349 1232 387 antea
1291 339 1351 385 de
1389 340 1515 386 Aulo

228 424 350 473 Veio
387 426 621 489 Phylace.
663 426 897 473 Consules
951 428 1131 491 quippe
1193 443 1305 491 prae
1341 443 1389 473 se
1426 428 1518 473 fert

230 514 401 563 Caium
436 514 626 561 Julium
677 514 927 562 Caesarem
983 514 1332 578 Vipsanianum
1359 552 1370 569 ‚
1411 511 1513 560 Au-

1062 615 1107 647 et
1166 602 1223 647 L.
1285 601 1509 648 Paullum

222 685 505 733 Aemilium.
542 686 674 733 Gens
724 700 969 752 praeterea
1007 689 1055 734 in
1090 705 1146 734 eo
1191 685 1381 736 Obellia
1406 704 1517 734 cum

225 601 346 664 gusti
396 614 457 646 ex
492 599 756 666 adoptione
792 601 970 648 Filium
998 641 1010 661 ,

225 775 480 823 Perennia
516 774 719 832 obviat,
783 793 988 839 quarum
1023 787 1278 839 utramque
1333 773 1512 820 videris

219 863 350 928 apud
401 864 666 911 Gruterum
702 863 794 926 (a).
852 862 947 910 Sed
984 861 1222 927 posterior
1277 862 1508 909 Perenna

224 951 418 998 abhoc
470 949 600 997 dicta
650 987 661 1008 ‚
700 967 847 1015 quam
903 961 1020 1014 puto
1079 948 1405 998 recudendam
1458 947 1509 994 in

224 1036 538 1084 Perenniam.
597 1036 666 1084 M.
723 1035 1024 1101 Pomponius
1083 1034 1338 1082 Marcellus
1398 1051 1512 1081 cum

220 1121 278 1168 L.
319 1121 516 1169 Valerio
553 1122 735 1170 Flacco
786 1121 881 1169 hoe
919 1138 1046 1168 anno
1083 1137 1172 1186 pro
1218 1122 1324 1169 vice
1358 1121 1517 1185 prima

218 1208 284 1255 D.
327 1207 392 1256 V.
434 1208 473 1258 I.
515 1209 579 1256 D.
637 1209 938 1257 renuntiatus
966 1245 980 1266 ‚
1039 1210 1122 1275 qui
1179 1207 1357 1255 deinde
1393 1226 1512 1256 con-

219 1293 394 1341 firmati
451 1294 597 1342 ambo
657 1294 718 1342 ad
768 1313 847 1342 an.
910 1296 1028 1360 755.
1092 1307 1144 1342 ut
1199 1295 1248 1340 in
1287 1294 1331 1357 §.
1383 1312 1424 1341 1.
1464 1313 1515 1341 n.

229 1397 273 1425 1.
305 1415 319 1436 .‚
359 1398 458 1445 quo
477 1392 639 1428 tamen
679 1381 790 1429 loco
827 1382 1000 1429 omissa
1037 1381 1228 1446 penitus
1250 1381 1405 1429 iterati
1425 1399 1516 1446 pro

224 1477 432 1530 utroque
464 1467 758 1516 Duoviratus
796 1480 927 1515 nota.
969 1468 1182 1517 Marmor
1202 1469 1365 1533 itaque
1385 1467 1510 1515 eius·—

230 1551 366 1599 modi
404 1563 473 1601 est
503 1571 514 1598 ε

336 2439 400 2499 (a)
434 2435 538 2503 Pag.
577 2439 681 2503 948.
719 2457 765 2487 n.
800 2442 846 2486 6.
883 2449 924 2487 et
956 2458 1003 2497 pl
1037 2439 1143 2500 953.
1181 2459 1225 2485 n.
1269 2459 1336 2485 11,
