1612 2880
275 271 338 342 ¹³4

308 446 373 494 D.
459 443 522 489 V.
601 443 660 489 V.
771 442 830 490 A.
1064 443 1114 489 S.
1258 440 1314 486 P.
1425 438 1484 485 P.

277 546 418 584 Duum.
441 542 550 583 Viri.
563 541 676 584 Urbi.
700 542 920 583 Annonae.
940 536 1351 581 SollemnibusPubl.
1379 538 1549 578 Procur.

404 698 651 747 Feliciter.
691 701 810 747 Sunt
848 715 995 763 pauca
1053 710 1209 746 tamen
1234 733 1247 755 ‚
1287 695 1346 742 de
1383 693 1557 760 quibus
1596 690 1598 732 ἶ

271 783 442 832 doceat
477 801 565 832 nos
601 798 708 833 ante
737 821 747 841 ‚
789 800 983 832 necesse
1019 794 1105 830 est.
1132 783 1247 829 Post
1266 782 1336 829 illi
1373 780 1555 828 laetam

268 865 473 915 Paeana
510 885 771 924 canamus,
811 885 911 916 non
947 867 1123 915 Marcis
1147 904 1160 926 ‚
1198 885 1222 912 a
1249 883 1345 930 quo
1381 865 1554 913 ahhor-

269 952 451 1001 ruimus
504 973 721 1020 semper.
779 954 862 1000 sed
888 952 1122 1018 Apollinis
1148 988 1161 1009 ,
1200 969 1345 1017 quem
1383 962 1430 997 et
1466 968 1548 1017 eo-

268 1036 481 1095 luimus,
523 1050 571 1085 et
607 1039 762 1086 colere
801 1037 1030 1099 deinceps
1065 1047 1140 1084 est
1174 1036 1377 1082 animus.

417 1140 458 1170 1.
500 1122 691 1188 Ecquid
727 1123 848 1170 illud
907 1105 1062 1170 Hviri
1103 1120 1264 1171 Vrbi?
1317 1118 1556 1168 Urbemne
1598 1165 1599 1180 2

263 1203 444 1253 dictam
467 1207 741 1273 Pompeio&
771 1206 914 1271 idque
952 1208 1002 1253 in
1041 1205 1256 1270 lapidum
1280 1221 1454 1253 acervo
1489 1204 1551 1252 de
1598 1199 1599 1240 Ῑ

256 1287 562 1357 publicorum
597 1291 778 1340 censu?
815 1292 947 1356 atqui
987 1289 1128 1337 Urbis
1164 1308 1343 1338 nomen
1367 1291 1551 1338 Romae

259 1374 512 1439 proprium
572 1392 683 1424 cum
739 1375 1069 1423 additamento
1130 1385 1176 1422 et
1230 1390 1444 1429 sacrae,
1501 1388 1552 1424 et

265 1468 511 1507 aeternae.
551 1460 613 1507 Et
648 1476 744 1507 non
780 1454 936 1507 deerit
974 1460 1093 1507 forte
1117 1496 1127 1516 ,
1169 1460 1250 1524 qui
1275 1476 1360 1524 per
1384 1460 1552 1507 dolum
1599 1460 1602 1488 <³

263 1542 444 1590 malum
493 1540 634 1592 Urbis*
670 1545 792 1591 hanc
812 1544 1205 1610 procurationem
1230 1543 1438 1591 similem
1473 1562 1552 1592 ca-

260 1625 360 1690 piat
394 1628 569 1674 incesti
598 1624 1021 1693 procurationibus
1083 1626 1178 1672 illis
1203 1659 1215 1683 7
1254 1626 1316 1674 de
1373 1627 1550 1691 quibus

273 1709 469 1760 Tacitus
507 1712 599 1775 (a).

403 1813 450 1844 2.
490 1797 539 1844 Si
575 1809 740 1862 quarta
759 1796 966 1846 solitaria
995 1796 1037 1844 A
1064 1814 1259 1844 annona
1294 1809 1391 1856 est,
1415 1799 1550 1848 ideo·
1602 1850 1603 1871 ἶ

261 1896 355 1945 que
395 1879 635 1929 Aedilium
688 1883 881 1947 propria
910 1917 923 1938 ἦ
962 1883 1151 1930 nullane
1203 1883 1428 1948 Pompeis
1463 1901 1549 1931 αη-

263 1979 426 2013 nonae
465 1981 588 2013 cura
622 1967 743 2014 ultra
800 1969 1017 2032 Augusti
1045 2006 1054 2021 ,
1093 1969 1305 2033 citraque
1352 1966 1549 2016 Tiberii
1602 1958 1603 2017 f

263 2050 527 2114 tempora?
578 2051 655 2098 vel
707 2052 828 2098 nulli
889 2054 1112 2117 Pompeis
1172 2053 1401 2109 Aediles,
1458 2054 1548 2105 hac

266 2145 463 2204 utraque
501 2149 779 2207 tempestate
840 2137 1082 2205 excepta?
1119 2157 1229 2188 nam
1267 2141 1390 2190 intra
1428 2153 1549 2191 tem-
1601 2140 1605 2191 J

391 2423 455 2481 (a)
488 2422 650 2470 Aaou.
689 2421 790 2468 Lib.
829 2423 932 2468 ΧΠ.
