1612 2880
1279 276 1344 326 35

64 365 275 414 defectus
313 362 637 428 exemplorum
667 399 677 417 7
705 362 878 426 quibus
923 363 1043 410 soret
1081 362 1337 409 conficien-

65 453 180 499 dum
209 489 220 508 ‚
264 446 649 516 Quinquennales
685 466 772 512 per
810 448 870 496 V.
912 448 1183 512 simplicem
1217 447 1342 496 desi„

67 548 261 601 gnatos,
304 550 418 599 quos
456 550 515 579 ex
549 533 751 580 adverso
784 546 1090 597 compertum
1127 546 1211 589 est,
1253 534 1337 581 de-

66 622 268 669 nuntiari
294 619 530 666 interdum
566 637 652 684 per
680 619 842 686 tac'nq
874 639 882 675 ;
925 632 1004 666 aut
1034 620 1295 685 Quinquen
1326 639 1337 676 ;

66 706 298 753 interdum
319 704 478 769 perQ.
520 704 564 765 Q
594 724 602 761 ;
645 706 792 752 semel
811 705 939 769 apud
962 705 1236 754 Oliverium
1261 705 1334 769 (a)

68 812 151 858 per
175 790 321 850 QQV.
364 807 412 837 2.
452 793 612 839 Munia
649 792 1096 855 Quinquennalium
1132 790 1295 838 civilia
1318 826 1333 847 .‚

46 897 166 926 -non
209 893 347 924 sacra
375 915 384 933 ‚
444 878 602 942 qualia
661 879 763 925 sine
823 878 1175 937 contentione,
1217 895 1338 942 quae

67 982 147 1030 per
181 963 469 1011 Duumviros
528 965 847 1030 Pompeianos
904 965 1251 1013 exercebantur
1290 965 1344 1011 in

66 1063 112 1094 re
146 1051 321 1104 votiva,
351 1052 637 1115 penitusque
673 1067 833 1098 sacra.
878 1050 926 1100 3.
968 1064 1159 1116 ‘tempus
1178 1051 1341 1114 ipsum

32 1136 501 1199 'Quinquennalitati
559 1138 856 1202 praefixum,
896 1156 1017 1202 quae
1074 1137 1162 1183 etsi
1200 1136 1343 1182 iuris-

63 1225 269 1272 dictione
330 1223 451 1270 intra
489 1225 629 1275 unius
687 1227 835 1273 annui
891 1242 1060 1273 census
1097 1222 1336 1270 ambitum

61 1316 316 1372 conclusa‚
354 1317 586 1382 dignitate
624 1315 938 1364 nihilominus
974 1310 1034 1357 acl
1071 1310 1343 1374 quinquen-

63 1400 197 1446 nium
251 1393 540 1467 perdurabat
575 1402 669 1469 (b).
710 1401 774 1449 At
810 1402 858 1447 in
897 1398 1041 1446 sacris
1077 1393 1335 1459 Pompeia-

63 1483 138 1528 nis
190 1483 249 1529 ab
286 1503 413 1533 anno
460 1503 592 1534 aerae
647 1485 852 1550 vulgaris
906 1481 1140 1530 vicesimo
1201 1481 1344 1527 tertio

64 1569 124 1616 ad
160 1580 387 1633 quartum
422 1588 571 1636 usque
609 1588 747 1636 supra
785 1569 1082 1617 tricesimum
1113 1605 1122 1623 ‚
1172 1566 1347 1613 decur»

71 1672 127 1702 su
164 1656 349 1704 scilicet
385 1674 620 1704 annorum
656 1657 882 1704 undecim
911 1694 919 1711 ‚
960 1655 1136 1719 quinae
1176 1670 1348 1699 occur-

72 1752 186 1788 runt
219 1742 541 1791 Duumvirum
600 1757 873 1791 nostrorum
909 1743 1045 1806 bigae
1070 1776 1083 1797 ἢ
1122 1757 1233 1789 cum
1271 1740 1354 1785 vix

74 1828 314 1876 secundae
351 1831 485 1878 locus
544 1831 885 1895 superfuisset,
943 1830 981 1874 si
1041 1845 1152 1875 cum
1187 1828 1340 1886 Quin-

79 1916 400 1979 quennalibus
455 1901 700 1982 negotium
760 1918 913 1963 fuerat
968 1913 1342 1978 transigendum.

85 2004 243 2068 Atque
280 2004 331 2049 hi
367 2004 464 2050 sine
499 2001 804 2050 cunctatione
842 2000 1068 2047 videntur
1127 2011 1354 2046 votorum

93 2088 368 2138 huiusmodi
415 2098 747 2153 procuratores
804 2084 1013 2131 extitisse
1071 2081 1313 2129 ordinarii
1342 2119 1351 2127 ,

205 2335 269 2418 (a)
305 2358 464 2402 Marm.
502 2357 670 2402 pisant.
700 2362 792 2400 not.
831 2353 1045 2399 xxvln.
1081 2371 1128 2414 p.
1166 2353 1243 2407 84·

210 2437 281 2496 (b)
312 2437 418 2481 Not.
472 2435 665 2481 XXVII.
700 2452 744 2496 p.
782 2450 854 2493 70.
986 2497 1012 2525 ᾗ
