1612 2880
275 270 304 316 6

261 358 501 407 Minz‘stris
537 356 783 423 Augusti:
825 357 1028 407 alterum
1051 358 1111 406 de
1135 357 1376 408 Miniseris
1412 360 1539 407 For-
1584 359 1585 390 ἶ

263 455 413 494 tunae
449 444 719 509 Augustae.
758 442 971 510 Utrique
1006 446 1125 494 haec
1163 447 1457 494 communia.

404 549 447 580 1.
487 532 705 579 Ministri
741 531 870 579 haud
906 549 1093 598 semper
1127 531 1187 580 de
1248 550 1387 598 grege
1424 531 1540 582 Ser-
1584 578 1585 602 ζ

261 634 433 665 vorum
456 655 467 674 ‚
508 617 581 664 uti
615 616 848 665 hactenus
873 615 1128 665 creditum.
1170 618 1386 683 Ingenui
1419 636 1541 684 quo·
1584 659 1585 664 ,

263 721 357 770 que
392 704 521 751 haud
556 720 663 751 raro
699 704 751 749 in
787 720 981 750 scenam
1015 703 1271 768 prodeunt.
1316 702 1540 753 Liberto-

262 811 371 841 rum
406 809 635 840 numerus
668 790 822 839 multo
859 791 1028 838 maior.

400 897 449 928 2.
487 878 700 926 Initiales
736 877 798 924 D.
838 877 903 924 V.
943 875 1006 922 V.
1048 877 1108 924 A.
1148 877 1197 924 S.
1251 877 1307 925 P.
1350 875 1536 924 PROC.

260 985 351 1016 nec
388 967 510 1014 ultra
549 965 754 1030 Augusti
782 999 795 1022 v
834 981 923 1012 nec
962 965 1080 1011 citra
1104 964 1287 1011 Tiberii
1324 977 1541 1030 tempora

259 1054 311 1100 in
349 1052 755 1117 Pompeianorum
791 1050 962 1104 titulis,
984 1067 1103 1114 quos
1140 1064 1337 1099 noscere
1376 1052 1539 1099 hacte-

257 1157 348 1187 nus
386 1139 553 1187 datum
589 1150 659 1186 est
682 1173 694 1196 7
732 1146 1011 1186 occurrunt.

402 1225 450 1275 3.
490 1227 705 1273 Initiales
762 1224 953 1272 easdem
1008 1225 1077 1274 sic
1133 1228 1535 1292 interpretamur:
1582 1246 1583 1250 ¹

256 1318 520 1365 Dmmmm·
587 1318 706 1364 votis
763 1314 991 1380 Augusto
1048 1317 1286 1381 susceptis
1346 1313 1540 1379 publice

250 1402 599 1472 procurandis.
639 1403 736 1450 Cur
767 1437 779 1458 .,
821 1402 1009 1467 inquies
1040 1440 1049 1457 ‚
1106 1417 1204 1448 non
1242 1409 1353 1449 vota
1388 1402 1539 1465 magis

253 1491 482 1556 Augusto
530 1490 720 1539 sacra?
779 1490 861 1539 Sic
898 1504 1006 1538 ante
1060 1490 1239 1537 visum.
1300 1488 1358 1536 In
1412 1489 1583 1539 aliudi‘

256 1600 388 1631 nunc
445 1579 636 1627 animus
672 1578 892 1627 inclinat.
963 1569 1098 1623 Vota
1174 1592 1382 1641 namque
1409 1611 1421 1633 o
1461 1588 1539 1623 ut-

254 1682 367 1735 pote
405 1667 546 1716 unius
584 1667 674 1715 Dei
708 1665 903 1734 propria
929 1700 939 1720 ‚
966 1681 1109 1714 saera
1145 1667 1326 1717 omnia.
1367 1667 1532 1714 Otiose
1580 1710 1583 1715 .

255 1755 398 1821 igitur
434 1754 485 1806 τὸ
523 1771 717 1802 sacrum
753 1753 1007 1803 adderetur
1045 1763 1151 1805 voto
1175 1790 1188 1814 ‚
1244 1757 1294 1804 in
1330 1756 1537 1804 formula

259 1843 582 1908 praesertim,
641 1860 788 1908 quam
833 1842 1083 1890 brevitatis
1143 1843 1540 1893 studiosissimam

253 1945 354 1974 esse
380 1963 395 1986 ‚
434 1940 642 1993 oportet.
685 1930 903 1992 Cumque
939 1927 1146 1975 initiales
1201 1930 1289 1976 hae
1326 1930 1535 1995 Pompe-

250 2015 409 2062 iorum
447 2013 660 2060 ι’διωτικαι
687 2015 781 2060 sint
809 2051 822 2076 ,
873 2014 912 2060 si
952 2014 1205 2080 Pompeios
1241 2015 1448 2062 latitasse
1483 2016 1535 2063 in
1582 1999 1583 2002 Ἰ

251 2102 520 2170 penultima
558 2102 614 2151 P.
655 2102 791 2156 velis,
835 2102 962 2150 ultro
999 2100 1090 2149 tibi
1126 2102 1254 2150 socia
1291 2119 1423 2149 arma
1462 2103 1535 2150 fe-

251 2208 370 2239 ram.
411 2189 539 2238 Haec
574 2190 636 2237 ad
670 2190 1013 2254 promulsidem
1054 2191 1182 2239 satis,
1230 2190 1423 2239 Caetera
1462 2191 1535 2237 lo-

251 2293 312 2325 co
342 2314 352 2334 ‚
393 2290 438 2326 et
474 2290 691 2342 tempore
740 2294 956 2342 quaeque
993 2295 1077 2325 suo
1113 2293 1430 2345 apponentur.
1473 2284 1528 2331 In

249 2365 402 2414 titulis
441 2365 776 2432 proferendis,
817 2364 900 2412 ubi
937 2364 994 2413 de
1021 2365 1216 2413 illorum
1253 2379 1402 2415 aetate
1428 2386 1530 2416 eer-

250 2465 334 2513 to‚
372 2453 450 2501 vel
490 2454 588 2502 fere
625 2464 850 2513 constet,
900 2452 960 2500 ad
1019 2454 1204 2503 laevam
1260 2467 1410 2503 annus
1460 2456 1524 2503 V.
