1612 2880
280 256 337 303 18

270 342 424 406 possis
470 341 692 406 accipere
733 341 936 390 initiales
987 340 1050 387 V.
1092 340 1149 388 F.
1191 338 1283 387 Sed
1341 338 1464 386 forte
1497 349 1545 385 et
1603 359 1605 396 ς

269 443 360 492 pro
402 425 466 491 Q.
508 426 680 476 Filio:
723 447 808 476 nec
845 441 890 476 te
937 427 1155 492 exempla
1213 424 1441 473 deficient
1479 421 1550 489 (a)

263 513 590 577 praenominis
629 513 802 578 Quinti
837 533 922 579 per
947 513 1181 560 initialem
1205 512 1265 557 V.
1294 509 1547 574 designati.

265 597 547 646 Notandum
565 611 828 664 praeterea.
847 599 1139 646 Holconium
1156 598 1372 662 Augusti
1395 595 1552 642 adhuc
1600 639 1601 645 ,

262 685 468 733 viventis
506 684 751 733 Flaminio
775 686 1070 734 decoratum.
1091 685 1166 732 Ad
1186 702 1399 733 marmor
1419 702 1549 731 nunc
1599 683 1601 706 ³

261 784 480 819 nostrum
505 773 823 839 praecipuum
847 774 1009 831 redeQ
1048 774 1108 825 de
1128 790 1225 838 quo
1256 775 1349 820 hoc
1377 789 1546 819 unum.

263 859 455 907 Octavii
479 862 753 907 consumtus
771 862 935 909 tertius
972 879 1111 926 supra
1126 861 1368 909 decimum
1395 859 1552 906 consi-

266 961 436 1014 gnatur
471 947 531 994 ad
566 964 644 993 an.
684 946 749 991 V.
790 947 848 992 C.
891 949 1026 1011 752;
1068 965 1166 1011 quo
1219 947 1314 994 suis
1350 945 1552 1009 defungi
1596 987 1597 991 ,

259 1036 537 1085 muneribus
575 1053 828 1085 monemur
866 1047 969 1081 tum
1009 1035 1256 1081 Ministros
1294 1035 1509 1096 Augusti
1537 1067 1551 1090 ,
1594 1074 1596 1091 ,

260 1141 363 1177 tum
399 1124 568 1179 ssVffl.
612 1125 673 1172 V.
715 1124 774 1171 A.
814 1125 864 1173 S.
907 1124 964 1170 P.
1004 1125 1062 1171 P.

397 1216 610 1277 Augusto
635 1212 793 1261 adhuc
833 1212 955 1260 inter
979 1209 1205 1257 mortales
1241 1210 1407 1273 agenti
1430 1222 1551 1257 tem—
1592 1254 1593 1274 2

259 1302 339 1367 pla
371 1338 381 1359 ‚
422 1300 710 1358 sacerdotia,
749 1298 1017 1348 ministeria
1053 1297 1200 1345 fuisse
1222 1296 1414 1345 addicta
1442 1297 1543 1361 (b),

261 1399 309 1436 et
345 1388 531 1452 saepius
569 1387 811 1434 innuimus
841 1423 850 1441 ‚
892 1396 938 1432 et
975 1384 1194 1449 ignorare
1242 1400 1387 1430 nemo
1422 1401 1551 1432 unus
1590 1421 1592 1428 ,

261 1488 436 1542 potest.
456 1475 770 1524 Notissimum
784 1473 860 1521 vel
878 1470 1089 1538 puerulis
1105 1469 1297 1536 Virgilii
1321 1470 1442 1519 illud
1458 1469 1549 1535 (c):

259 1561 355 1609 Hic
393 1561 528 1609 illum
567 1560 667 1610 vida·
702 1566 948 1617 iuvenem,
979 1560 1249 1620 Meliboee,
1286 1566 1550 1631 quotannis

260 1647 490 1696 Bissenos
525 1652 607 1695 σαί
643 1659 807 1697 nostra
844 1647 948 1696 dies
983 1648 1163 1697 altaria
1178 1649 1412 1716 fumant.

397 1737 591 1784 Plenius
628 1738 721 1785 hoc
762 1737 945 1784 Horatii
984 1737 1102 1803 (d):

262 1823 524 1872 Praesenti
559 1822 644 1870 aba·
677 1833 891 1870 maturos
925 1821 1162 1889 largimur
1193 1821 1398 1871 honores
1440 1861 1451 1880 ‚

1588 1548 1590 1567 1

260 1910 607 1978 Jurandasque
650 1921 783 1959 tuum
814 1928 908 1978 per
939 1929 1110 1960 nomen
1159 1915 1383 1980 ponimus
1418 1927 1546 1960 aras,
1583 1947 1586 1970 ,

845 2086 978 2102 --“

391 2218 455 2276 (a)
488 2216 670 2261 Gruter.
707 2233 806 2277 pag.
847 2233 950 2277 729.
991 2233 1032 2259 n.
1075 2235 1116 2261 2.

394 2297 464 2354 (b)
497 2295 660 2339 Annal.
701 2296 815 2340 L.I.

390 2377 452 2433 (c)
486 2373 587 2417 Ecl.
626 2374 663 2418 I.

389 2448 456 2511 (d)
489 2453 574 2514 Ep.
613 2451 647 2496 I.
686 2452 790 2497 Lib.
827 2452 884 2497 II.

1582 2040 1585 2058 1
