1612 2880
1272 234 1339 282 55

62 324 220 377 sium,
273 333 320 369 et
354 318 441 367 Cn.
480 316 752 365 Lentulum.
793 316 944 365 Favet
984 316 1197 382 opinioni
1222 315 1334 365 huic

60 409 380 474 fragmentum
417 403 544 452 aliud
580 422 656 450 an.
699 406 794 468 782
824 422 834 460 ;
872 405 982 452 loco
1021 421 1105 451 suo
1153 404 1337 470 produ-

66 496 270 544 cendum
291 533 305 557 ,
342 511 434 560 quo
469 492 529 538 ad
565 509 741 539 annum
777 509 967 556 quoque
1002 494 1224 558 proxime
1261 494 1337 539 in·-

64 593 334 648 sequentem
393 577 453 625 de
511 576 776 624 Consulatu
835 577 1057 625 deiicitur
1135 579 1337 643 Sanqui-

62 672 167 717 nius
194 707 204 724 ‚
251 677 302 713 ut
348 676 475 712 recte
511 682 534 710 a
574 664 766 711 Norisio
827 664 977 710 fuerat
1037 675 1202 710 contra
1239 663 1330 712 Fa-

64 753 330 819 stographos
387 768 666 798 communes
703 752 1018 798 constitutum
1055 750 1145 815 (a).
1198 751 1326 798 Con-

66 844 162 892 sule
196 841 316 888 infra
351 857 401 887 n.
450 834 528 886 16.

656 1012 731 1068 14.

403 1180 453 1228 M
490 1179 759 1229 SITTIVS.
799 1178 867 1225 M.
907 1181 946 1227 L

551 1267 801 1315 SERAPA

450 1351 650 1398 MERC.
714 1351 919 1398 MAIAE

387 1436 662 1487 SACRVM.
704 1437 810 1488 EX.
850 1437 979 1485 D.D

579 1523 768 1572 IVSSV

350 1611 407 1660 P.
447 1610 617 1659 ROGI.
662 1611 720 1657 P·
755 1611 814 1657 F.
860 1610 1014 1658 VARI

264 1697 334 1744 M.
373 1697 676 1746 MELSONI.
718 1699 787 1746 M.
827 1699 887 1747 F.
928 1696 1084 1745 ITER

509 1783 571 1830 D.
614 1783 676 1830 V.
715 1784 754 1830 Ι.
793 1784 836 1831 D

250 1864 314 1914 N.
350 1866 560 1915 PACCI.
598 1867 660 1913 N.
702 1868 761 1915 F·
803 1867 1084 1917 ChiLONIS

344 1953 409 2000 D.
448 1952 512 1999 V.
553 1953 618 2000 V.
657 1953 720 2002 A.
759 1957 808 2003 s.
848 1955 904 2002 P.
949 1955 1005 2003 P.

41 2036 90 2078 v.
113 2036 161 2079 c.
194 2039 273 2094 780
333 2037 398 2079 Μ.
427 2036 648 2078 eRAsso.
674 2026 757 2081 cs.
783 2037 1039 2081 LENTVLO
1107 2036 1161 2077 A.
1184 2036 1235 2079 v.
1261 2050 1312 2091 η

606 2113 722 2162 COS

161 2396 222 2455 (ὃ)
254 2395 341 2456 ΕΡ.
378 2396 559 2446 Consul.
595 2416 638 2459 p.
681 2398 782 2453 402,
