1612 2880
244 283 304 343 14

376 370 695 427 Dolendum‚
736 369 873 436 bigae
911 371 1177 420 consularis
1234 374 1320 421 vix
1355 374 1475 424 duos
1507 415 1518 433 ‚

229 478 407 526 eosque
443 474 728 526 postremOS.
769 476 1010 525 superesse
1029 460 1326 509 characteres
1350 500 1359 517 ‚
1388 481 1512 527 quae

233 549 273 595 si
308 549 489 613 integra
526 548 765 612 legeretur
789 582 803 605 ‚
842 545 1065 594 tenebrae
1103 563 1272 594 omnes
1310 548 1521 598 difflatae

233 636 368 684 illico
406 635 584 682 forent.
634 632 699 680 At
733 633 773 680 si
798 621 979 681 nomen
1033 635 1096 682 A.
1144 633 1311 683 Clodii
1348 636 1522 685 Flacci

233 734 360 770 recte
394 734 463 770 est
500 721 806 778 restitutum.
865 734 934 769 est
970 739 1066 786 quo
1104 723 1231 771 malo
1267 724 1381 773 huic
1418 727 1513 773 sal*

232 819 330 855 tem
367 825 425 855 ex
461 819 593 872 parte
630 824 957 856 occurramus.
997 808 1406 874 Quandoquidem
1444 812 1507 859 A.

231 895 312 942 hic
355 891 560 940 Clodius
574 891 791 941 Flaccus
825 894 1018 942 tertium
1035 895 1099 941 D.
1120 894 1181 940 V.
1219 894 1261 941 Ι.
1306 897 1363 943 D.
1405 913 1524 961 pro·

234 980 366 1027 cedit
385 997 500 1028 cum
537 977 774 1029 Holconia
813 979 950 1043 Rufo
987 981 1047 1028 ad
1080 999 1158 1028 an.
1199 981 1265 1030 V.
1306 985 1361 1032 C.
1406 987 1523 1049 752;

233 1070 303 1115 uti
343 1085 405 1115 ex
441 1067 584 1116 titulo
622 1068 924 1135 insequente.
962 1067 1075 1115 Bini
1134 1086 1247 1134 ergo
1301 1089 1520 1135 praecesa

236 1167 393 1202 serant
447 1153 612 1202 Clodii
649 1154 817 1203 Flacci
854 1153 1217 1201 Duumviratus.
1256 1153 1387 1211 Fac„
1414 1141 1519 1206 sine

240 1242 599 1290 intermissione
637 1240 940 1289 continuatos
980 1239 1053 1286 illi
1089 1256 1256 1288 omnes
1299 1240 1534 1291 obvenis-

242 1349 307 1378 se.
348 1332 477 1395 Ergo
515 1333 703 1396 primus
754 1331 915 1379 Flacci
949 1329 1175 1387 Hviratus
1232 1346 1254 1376 r
1281 1333 1534 1380 eserendus

237 1418 296 1464 ad
351 1437 429 1464 an.
475 1419 589 1483 750.
631 1418 838 1466 Flaccus
894 1420 1088 1466 interim
1159 1422 1210 1466 in
1263 1421 1533 1484 fragmento

238 1506 369 1553 nulla
409 1506 470 1553 se*
495 1508 820 1571 conspicuum
856 1506 1053 1570 praebet
1111 1507 1410 1554 Duoviratus
1446 1524 1532 1552 no-

239 1606 282 1641 ta
316 1631 325 1646 ‚
367 1610 489 1658 quae
526 1605 609 1641 aut
645 1593 776 1639 nulla
815 1593 974 1640 extitit
1002 1630 1011 1647 ‚
1051 1606 1132 1641 aut
1166 1611 1252 1659 per
1273 1596 1535 1642 fracturam

238 1679 392 1726 deleta
417 1715 431 1735 ,
492 1678 628 1744 quod
666 1680 905 1745 posterius
943 1681 1152 1743 putarim
1204 1681 1530 1746 probabilius.

240 1767 292 1812 Si
330 1765 461 1813 nulla
516 1765 640 1814 suit:
701 1766 878 1831 privati
914 1766 1121 1812 hominis
1174 1766 1351 1814 limites
1406 1784 1527 1814 non-

240 1855 359 1902 dum
416 1864 700 1901 excesserat.
756 1852 1102 1917 Fragmentum
1162 1852 1347 1902 idcirco
1400 1854 1532 1902 ultra

246 1959 325 1987 an.
367 1939 485 2002 750.
525 1939 760 1987 excurrit.
819 1938 869 1985 Si
907 1955 991 2004 per
1045 1940 1304 1989 fracturam
1342 1940 1523 1990 abolita

256 2040 371 2077 nota
407 2027 771 2085 Duumviralis;
811 2026 1061 2091 fragmenti
1097 2040 1221 2077 aetas
1262 2029 1435 2076 incidit
1472 2030 1527 2075 iu

248 2134 429 2164 annum
464 2118 560 2182 750
583 2150 597 2172 ⁹
635 2128 716 2165 aut
755 2115 871 2180 751.
914 2115 1007 2163 Sed
1043 2115 1159 2165 nolo
1211 2117 1403 2165 incertis
1458 2118 1529 2167 jn..

251 2206 420 2253 sistere
456 2203 654 2253 diutius·
