1612 2880
1316 245 1378 292 27

112 345 205 393 que
226 325 441 373 libertate
476 320 631 367 minus
668 315 857 363 liberali
893 333 940 361 se
979 316 1257 379 mancipare
1298 314 1390 360 mi-

113 412 314 462 nisterio
345 447 356 467 ,
393 408 492 456 sive
549 405 600 453 id
635 402 791 451 libido
852 402 1044 451 suadeat
1068 438 1080 459 7
1143 403 1244 450 sive
1282 420 1389 467 ege-

111 510 205 546 stas
231 532 246 555 7
283 493 495 542 omnium
529 489 754 555 magistra
806 490 1140 554 potentissima
1169 524 1183 546 7
1224 499 1385 534 extor-

112 579 300 648 queat?
332 578 424 637 Qui
459 576 581 623 infra
619 587 731 624 sunt
767 576 1016 623 constituti
1048 612 1062 634 7
1122 575 1289 623 altiora
1327 592 1388 622 ne

111 669 373 716 adfectanto
395 698 408 720 7
469 681 592 729 quae
646 681 907 728 procerum
968 665 1015 710 in
1080 682 1130 710 re
1191 663 1388 728 publica

112 764 251 801 sunt:
287 761 336 798 at
372 750 458 816 qui
492 750 600 797 aliis
654 751 868 798 eminent
899 788 909 807 ‚
975 750 1180 798 liberum
1242 762 1345 799 esto
1371 785 1387 809 7

112 842 170 890 ad
200 840 284 888 hos
321 856 371 886 se
403 837 662 887 demittere
693 877 702 895 ,
743 839 784 885 si
822 839 1028 904 placeat.

241 929 363 976 Sane
401 928 451 974 in
487 927 626 975 titulo
665 924 713 972 3.
741 923 786 989 §-
828 925 1053 990 proxime
1090 924 1384 971 anteceden-

109 1015 166 1061 tis
200 1025 406 1079 quatuor
452 1025 715 1062 occurrunt
752 1013 961 1061 Ministri
991 1050 1002 1068 7
1044 1030 1255 1077 quorum
1290 1025 1387 1060 tres

104 1100 283 1167 priores
320 1099 536 1148 libertini
576 1101 788 1165 generis,
830 1116 1039 1164 nempe:
1089 1116 1131 1144 1.
1175 1097 1238 1144 A.
1289 1095 1343 1148 V
1339 1117 1388 1146 e-

98 1192 172 1235 ias
210 1184 430 1253 I'lffylaoe.
474 1203 522 1233 2.
565 1187 638 1232 M.
695 1184 932 1253 Popidizcs
990 1185 1226 1234 Moschus
1256 1223 1267 1241 7
1333 1185 1383 1232 3.

110 1274 175 1322 Τ.
218 1273 486 1320 Mescinius
527 1269 753 1339 Amphio.
818 1271 942 1320 Nam
999 1285 1197 1337 quartus
1222 1308 1235 1331 ,
1298 1272 1383 1336 qui

98 1362 290 1409 Primus
325 1360 558 1407 Arruntii
590 1360 856 1425 appellatur
882 1396 895 1419 ‚
935 1360 1036 1406 sine
1074 1359 1384 1407 cunctatione

99 1449 300 1498 Servus.
343 1449 480 1496 Falsa
521 1461 676 1495 tamen
701 1482 713 1501 7
754 1465 898 1511 quam
936 1448 1052 1495 olim
1093 1449 1233 1495 huius
1270 1450 1339 1495 rei
1372 1487 1382 1503 7

98 1533 342 1584 attulimus
377 1573 387 1592 7
452 1535 591 1582 ratio.
630 1533 843 1579 Initiales
900 1535 1028 1581 enim
1091 1536 1157 1580 M.
1201 1533 1253 1581 S.
1296 1552 1383 1580 nce

99 1623 328 1686 [Magistri
356 1658 367 1672 .,
394 1641 481 1670 nec
521 1622 727 1669 Maior-is
761 1637 952 1667 servum
994 1621 1238 1668 insinuant
1265 1657 1277 1677 7
1302 1619 1383 1666 sed

96 1707 368 1756 BIonaulon
399 1745 411 1760 7
451 1722 531 1756 aut
570 1708 834 1756 Molarium
871 1708 1159 1756 Sacrorum.
1202 1709 1272 1755 De
1315 1707 1375 1754 A.

102 1791 225 1843 Veio
265 1795 487 1862 Phylace
529 1798 645 1845 haec
684 1816 811 1844 nunc.
851 1796 1065 1843 addenda
1096 1832 1107 1840 .
1150 1814 1271 1862 quae
1311 1797 1382 1842 lo—

95 1899 154 1928 co
187 1900 272 1929 suo
310 1885 481 1929 omissa
518 1896 627 1930 sunt
682 1902 765 1947 per
827 1884 1210 1948 incogitantiam.
1241 1882 1382 1931 Hunc

94 1968 238 2032 igitur
259 1969 320 2017 A.
369 1966 542 2018 Velum
583 1967 685 2035 Ph)
702 1967 876 2024 lacem,
901 1968 983 2032 qui
1024 1969 1219 2015 caeteris
1240 1987 1376 2035 prae-

94 2053 131 2100 it
189 2056 419 2104 Ministris
465 2093 478 2112 7
542 2056 780 2105 Libertini
840 2056 1027 2120 generis
1082 2057 1236 2104 habeo
1269 2095 1278 2112 7
1336 2072 1383 2106 et

94 2139 328 2207 Plislacc's
363 2143 514 2190 filium
550 2181 557 2195 ,
599 2142 683 2208 qui
722 2142 996 2190 libertatem
1019 2143 1165 2190 fuerit
1186 2161 1376 2191 assecu-

96 2241 167 2275 tus
204 2228 264 2275 ab
309 2233 377 2275 A.
426 2226 569 2278 μείω.
627 2228 700 2274 M.
743 2230 806 2275 F.
843 2250 851 2280 ;
893 2228 952 2275 de
992 2246 1089 2292 quo
1127 2231 1195 2279 sic
1233 2230 1378 2279 hahet

95 2314 257 2364 titulus
293 2316 372 2364 hic
410 2316 529 2364 alter
568 2313 880 2383 Pompeianus
912 2335 923 2363 ε
