1612 2880
1265 317 1320 381 37

199 402 275 451 Ad
308 392 382 456 τῖςν
416 416 682 465 περιφερειαν
718 401 862 448 Labri
901 419 1009 448 sane
1030 404 1326 467 elegantissi-

60 491 129 537 mi
164 489 414 539 marmorei
438 486 661 534 Calidarii
698 487 976 554 Pompeiani
1011 528 1021 544 7
1065 492 1197 539 cuius
1223 492 1324 539 dia-

52 589 202 626 meter
249 577 454 626 excurrit
490 594 573 639 per
611 575 795 640 palmos
833 595 1010 624 novem
1042 616 1051 634 ,
1092 597 1203 626 cum
1251 593 1324 627 tu—

56 660 121 709 bo
153 662 212 710 ad
245 671 642 709 centrum-aeneo
677 699 685 715 ‚
727 661 876 709 literis
929 663 1044 709 item
1103 665 1263 711 aeneis
1309 704 1318 721 ,

54 765 168 797 auro
219 747 448 801 inducte,
503 748 759 812 exculptiS.
820 749 1039 814 Cumque
1097 764 1320 808 constet„

49 836 262 886 Labrum
314 836 406 884 hoc
439 839 653 903 pecunia
684 835 881 904 publica
904 836 1029 898 fieri
1082 842 1319 897 Curczlwn„

56 927 207 994 palam
240 934 310 971 est
336 959 350 982 ‚
371 923 569 974 iivirum
603 926 797 972 nomina
837 924 981 971 solius
1016 936 1157 972 notae
1188 927 1328 973 clero-

50 1012 289 1077 nologicae
347 1012 649 1076 municipalis
686 1014 785 1059 vim
823 1011 1078 1066 obtinere,
1141 1024 1193 1059 ut
1232 1013 1316 1060 de-

51 1100 165 1148 sinat
218 1097 295 1146 vir
330 1098 490 1163 magni
526 1097 739 1144 nominis
777 1096 992 1144 Maffeius
1026 1134 1036 1152 ‚
1094 1109 1229 1145 notas
1264 1116 1315 1143 e-

49 1184 250 1233 iusmodi
285 1183 649 1247 chronologicas
701 1182 936 1247 sacrilegii
974 1184 1081 1228 loco
1119 1181 1315 1240 habere„

43 1271 288 1336 laesaeque
349 1288 571 1319 romanae
607 1271 866 1318 maiestatis
914 1269 1185 1334 exemplum
1221 1272 1315 1317 mi-

40 1358 168 1406 nime
208 1359 461 1407 imitabile.
501 1357 691 1405 Titulus
710 1370 868 1406 autem
887 1357 1003 1405 alter
1039 1358 1106 1405 sic
1144 1358 1305 1406 habet:

640 1534 689 1591 4.

34 1700 95 1746 V.
134 1700 190 1747 G.
233 1701 344 1767 757.
445 1703 565 1753 Sex.
607 1700 788 1748 AeLIO
1030 1702 1087 1749 A.
1151 1703 1212 1746 V,
1255 1704 1300 1763 4.

793 1785 910 1834 COS

497 1873 555 1919 C.
597 1872 838 1920 SENTIO

431 1959 497 2005 M.
537 1958 701 2006 STAL
744 1960 893 2006 RVFI

312 2043 418 2091 CN.
457 2037 816 2092 MELISSAEI.
863 2043 1011 2090 APRI

394 2131 455 2178 D.
498 2129 558 2177 V.
600 2132 639 2176 1.
680 2129 740 2178 Ι).
782 2130 932 2177 ITER

485 2214 835 2263 NOVATVM.

153 2385 294 2442 »Cum
346 2387 430 2451 qui
468 2387 534 2433 M.
597 2387 727 2434 Staio
782 2398 888 2434 ante
943 2385 1293 2451 praefulserat,

24 2470 115 2519 Cn.
155 2474 425 2521 Melissaeus
455 2512 466 2532 ,
530 2492 657 2522 nunc
719 2471 785 2519 M.
833 2472 1053 2520 eumdem
1113 2471 1293 2517 Staium
