1612 2880
257 243 322 293 66

261 327 526 376 Camillum
564 331 679 376 facit
720 324 1060 375 Ordinarizcm:
1091 327 1224 376 Fasti
1260 343 1538 376 communes

262 414 535 463 Suffectum
572 434 633 463 ex
666 416 778 463 Kal.
819 414 980 464 Juliis.

401 503 729 549 Domitiorum
764 503 916 550 nubes
941 503 1204 552 consularis
1239 503 1381 568 longe
1417 503 1536 549 den-

269 586 369 634 sior
393 622 407 645 ‚
446 587 758 652 omniumque
793 588 1112 636 nobilissima.
1150 588 1243 646 Qui
1286 588 1413 634 Cnei
1435 599 1540 634 tan-

272 687 376 723 tum
410 676 723 740 praenomine
758 687 986 723 notantur
1020 676 1079 722 ab
1118 676 1178 721 V.
1217 674 1274 722 C.
1318 675 1434 735 [42¹-
1473 673 1535 720 acl

275 782 425 827 usque
465 761 581 827 732.
605 801 614 819 ,
654 779 832 810 novem
868 763 918 808 in
941 762 1094 810 Fastis
1132 762 1381 834 conspicui
1403 777 1531 819 sunt,

269 866 477 912 quorum
513 848 593 895 hic
651 857 813 894 noster
848 864 1019 912 agmen
1078 848 1274 896 claudit.
1338 848 1432 906 Qui
1484 847 1546 896 de

270 933 700 985 Ahenobarborum
735 946 874 1001 gente
912 946 1036 981 satus
1059 971 1072 993 ,
1111 936 1426 1001 Agrippinam
1463 936 1552 982 du-

270 1023 342 1070 xit
395 1039 598 1069 uxorem
626 1057 640 1079 ,
696 1020 975 1068 Germanici
1026 1021 1208 1078 filiam,
1268 1040 1388 1086 quae
1444 1034 1557 1086 post

271 1109 474 1157 Claudio
511 1108 693 1172 nupsit.
711 1106 979 1155 Domitium
1017 1107 1201 1155 idcirco
1256 1106 1451 1155 Tacitus
1485 1108 1555 1172 (a)

280 1196 403 1243 inter
459 1194 643 1240 Tiberii
679 1209 968 1258 progeneros
1014 1192 1171 1256 primo
1223 1193 1335 1240 loco
1389 1209 1554 1240 recen-

281 1296 367 1331 set.
409 1282 682 1330 Consularis
710 1319 720 1336 ‚
761 1279 987 1326 sexennio
1026 1280 1123 1325 fere
1159 1291 1265 1343 post
1294 1315 1306 1335 Ἴ
1364 1280 1551 1328 Macro-

287 1372 359 1417 nis
420 1367 606 1415 insidiis
644 1367 828 1415 delatus
863 1365 924 1412 ad
960 1365 1211 1412 Tiberium
1247 1384 1359 1414 cum
1397 1366 1550 1415 Albu-

290 1458 403 1505 cilla
433 1492 445 1511 „
499 1455 615 1502 dum
649 1454 766 1502 haec
806 1454 941 1501 irrito
980 1454 1079 1500 ictu
1116 1466 1324 1501 mortem
1361 1455 1452 1502 sibi
1490 1456 1562 1503 in-

290 1553 443 1590 tentat
466 1576 479 1598 ‚
516 1541 597 1587 ille
633 1539 960 1586 defensionem
995 1538 1230 1585 meditans
1261 1577 1270 1596 ,
1321 1558 1379 1586 an
1418 1541 1566 1589 simu-

295 1628 397 1673 lans
420 1663 433 1685 ,
474 1626 619 1674 vitam
655 1624 899 1688 produxit,
927 1623 1111 1671 Tiberii
1129 1636 1283 1672 morte
1319 1642 1435 1673 mox
1456 1626 1568 1674 sub-

297 1724 478 1761 secuta.

434 1799 509 1847 Ad
545 1800 742 1864 cippum
780 1798 913 1862 quod
949 1798 1117 1845 attinet
1153 1817 1264 1847 cum
1301 1811 1469 1858 statua,
1510 1802 1572 1848 ti-

304 1885 406 1932 tulo
460 1885 623 1931 addito
653 1920 664 1940 .‚
728 1886 924 1931 minime
979 1885 1193 1948 poenitet
1239 1925 1252 1944 ,
1310 1887 1574 1936 coniecisse

305 1971 425 2018 olim
451 2009 460 2025 ‚
503 1972 618 2018 haec
656 1970 852 2017 Tiberio
877 1988 901 2016 a
939 1970 1242 2034 Pompeianis
1279 1973 1450 2036 posita,
1491 1973 1575 2020 de·-

303 2068 429 2105 tecta
456 2093 467 2114 ,
525 2075 845 2122 oppressaque
882 2058 975 2104 iam
1012 2055 1170 2103 Seiani
1218 2059 1569 2108 coniuratione.

308 2142 399 2190 Cui
419 2141 722 2190 coniecturae
760 2143 919 2190 favent
955 2142 1156 2189 mirifice
1194 2154 1465 2210 temporum
1503 2146 1577 2191 in-

443 2398 506 2455 (u')
542 2395 701 2439 Annal.
741 2395 842 2438 Lib.
881 2395 955 2440 VI,
