<?xml version="1.0" encoding="UTF-8"?>
<!DOCTYPE html PUBLIC "-//W3C//DTD XHTML 1.0 Transitional//EN"
    "http://www.w3.org/TR/xhtml1/DTD/xhtml1-transitional.dtd">
<html xmlns="http://www.w3.org/1999/xhtml" xml:lang="en" lang="en">
 <head>
  <title>
</title>
<meta http-equiv="Content-Type" content="text/html;charset=utf-8" />
  <meta name='ocr-system' content='tesseract 3.04.00' />
  <meta name='ocr-capabilities' content='ocr_page ocr_carea ocr_par ocr_line ocrx_word'/>
</head>
<body>
  <div class='ocr_page' id='page_1' title='image "./insacranonnulla00guar_0007.png"; bbox 0 0 1612 2880; ppageno 0'>
   <div class='ocr_carea' id='block_1_1' title="bbox 1315 294 1335 306">
    <p class='ocr_par' dir='ltr' id='par_1_1' title="bbox 1315 294 1335 306">
     <span class='ocr_line' id='line_1_1' title="bbox 1315 294 1335 306; baseline 0 -3"><span class='ocrx_word' id='word_1_1' title='bbox 1315 294 1335 306; x_wconf 70' lang='grc' dir='ltr'>μ</span> 
     </span>
    </p>
   </div>
   <div class='ocr_carea' id='block_1_2' title="bbox 10 314 1338 2429">
    <p class='ocr_par' dir='ltr' id='par_1_2' title="bbox 68 314 1337 794">
     <span class='ocr_line' id='line_1_2' title="bbox 1310 314 1337 340; baseline 0 0"><span class='ocrx_word' id='word_1_2' title='bbox 1310 314 1337 340; x_wconf 69' lang='grc' dir='ltr'><strong>ζ)</strong></span> 
     </span>
     <span class='ocr_line' id='line_1_3' title="bbox 68 378 1334 446; baseline -0.001 -19"><span class='ocrx_word' id='word_1_3' title='bbox 68 391 290 446; x_wconf 86' lang='lat' dir='ltr'><strong>peresset.</strong></span> <span class='ocrx_word' id='word_1_4' title='bbox 350 378 578 426; x_wconf 83' lang='lat' dir='ltr'><strong>Additum</strong></span> <span class='ocrx_word' id='word_1_5' title='bbox 614 389 865 443; x_wconf 85' lang='lat' dir='ltr'><strong>propterea</strong></span> <span class='ocrx_word' id='word_1_6' title='bbox 921 379 1334 426; x_wconf 80' lang='lat' dir='ltr'><strong>Commentarium</strong></span> 
     </span>
     <span class='ocr_line' id='line_1_4' title="bbox 71 461 1337 532; baseline 0.002 -20"><span class='ocrx_word' id='word_1_7' title='bbox 71 467 289 522; x_wconf 86' lang='lat' dir='ltr'><strong>alterum,</strong></span> <span class='ocrx_word' id='word_1_8' title='bbox 330 463 496 514; x_wconf 87' lang='lat' dir='ltr'><strong>ordine</strong></span> <span class='ocrx_word' id='word_1_9' title='bbox 536 461 644 511; x_wconf 87' lang='lat' dir='ltr'><strong>VII.</strong></span> <span class='ocrx_word' id='word_1_10' title='bbox 685 465 799 511; x_wconf 87' lang='lat' dir='ltr'><strong>anni</strong></span> <span class='ocrx_word' id='word_1_11' title='bbox 845 466 966 514; x_wconf 82' lang='lat'><strong>1825</strong></span> <span class='ocrx_word' id='word_1_12' title='bbox 1000 505 1008 522; x_wconf 93' lang='lat'><strong>‚</strong></span> <span class='ocrx_word' id='word_1_13' title='bbox 1050 485 1149 532; x_wconf 88' lang='lat' dir='ltr'><strong>quo</strong></span> <span class='ocrx_word' id='word_1_14' title='bbox 1184 484 1257 515; x_wconf 80' lang='lat' dir='ltr'><strong>res</strong></span> <span class='ocrx_word' id='word_1_15' title='bbox 1283 486 1337 514; x_wconf 86' lang='lat' dir='ltr'><strong>u-</strong></span> 
     </span>
     <span class='ocr_line' id='line_1_5' title="bbox 68 551 1337 618; baseline -0.002 -16"><span class='ocrx_word' id='word_1_16' title='bbox 68 555 253 602; x_wconf 88' lang='lat' dir='ltr'><strong>niversa</strong></span> <span class='ocrx_word' id='word_1_17' title='bbox 287 562 353 598; x_wconf 86' lang='lat' dir='ltr'><strong>est</strong></span> <span class='ocrx_word' id='word_1_18' title='bbox 388 567 498 599; x_wconf 90' lang='lat' dir='ltr'><strong>cum</strong></span> <span class='ocrx_word' id='word_1_19' title='bbox 534 551 731 599; x_wconf 88' lang='lat' dir='ltr'><strong>eruditis</strong></span> <span class='ocrx_word' id='word_1_20' title='bbox 780 555 1136 602; x_wconf 82' lang='lat' dir='ltr'><strong>communicata</strong></span> <span class='ocrx_word' id='word_1_21' title='bbox 1162 592 1173 613; x_wconf 92' lang='lat'>,</span> <span class='ocrx_word' id='word_1_22' title='bbox 1215 571 1337 618; x_wconf 82' lang='lat' dir='ltr'><strong>quo-</strong></span> 
     </span>
     <span class='ocr_line' id='line_1_6' title="bbox 68 635 1333 704; baseline -0.002 -17"><span class='ocrx_word' id='word_1_23' title='bbox 68 656 174 687; x_wconf 85' lang='lat' dir='ltr'><strong>rum</strong></span> <span class='ocrx_word' id='word_1_24' title='bbox 209 639 387 685; x_wconf 85' lang='lat' dir='ltr'><strong>animos</strong></span> <span class='ocrx_word' id='word_1_25' title='bbox 440 635 655 684; x_wconf 78' lang='lat' dir='ltr'><strong>novitate</strong></span> <span class='ocrx_word' id='word_1_26' title='bbox 714 639 882 685; x_wconf 84' lang='lat' dir='ltr'><strong>anxios</strong></span> <span class='ocrx_word' id='word_1_27' title='bbox 915 677 924 695; x_wconf 87' lang='lat'>,</span> <span class='ocrx_word' id='word_1_28' title='bbox 984 655 1333 704; x_wconf 86' lang='lat' dir='ltr'>suspensosque</span> 
     </span>
     <span class='ocr_line' id='line_1_7' title="bbox 68 740 424 794; baseline -0.017 -19"><span class='ocrx_word' id='word_1_29' title='bbox 68 740 424 794; x_wconf 85' lang='lat' dir='ltr'><strong>praesenseram.</strong></span> 
     </span>
    </p>

    <p class='ocr_par' dir='ltr' id='par_1_3' title="bbox 10 809 1338 2429">
     <span class='ocr_line' id='line_1_8' title="bbox 207 809 1338 875; baseline 0.003 -21"><span class='ocrx_word' id='word_1_30' title='bbox 207 809 378 856; x_wconf 86' lang='lat' dir='ltr'><strong>Verum</strong></span> <span class='ocrx_word' id='word_1_31' title='bbox 416 811 543 857; x_wconf 84' lang='lat' dir='ltr'><strong>enim</strong></span> <span class='ocrx_word' id='word_1_32' title='bbox 580 827 694 858; x_wconf 88' lang='lat' dir='ltr'><strong>vero</strong></span> <span class='ocrx_word' id='word_1_33' title='bbox 735 812 783 857; x_wconf 87' lang='lat' dir='ltr'><strong>in</strong></span> <span class='ocrx_word' id='word_1_34' title='bbox 821 811 1003 875; x_wconf 81' lang='lat' dir='ltr'>duplici</span> <span class='ocrx_word' id='word_1_35' title='bbox 1059 812 1152 858; x_wconf 82' lang='lat' dir='ltr'><strong>hoc</strong></span> <span class='ocrx_word' id='word_1_36' title='bbox 1190 809 1338 859; x_wconf 71' lang='lat' dir='ltr'><strong>Cem-</strong></span> 
     </span>
     <span class='ocr_line' id='line_1_9' title="bbox 71 895 1336 963; baseline 0.002 -19"><span class='ocrx_word' id='word_1_37' title='bbox 71 895 293 944; x_wconf 83' lang='lat' dir='ltr'><strong>mentario</strong></span> <span class='ocrx_word' id='word_1_38' title='bbox 324 930 336 951; x_wconf 41' lang='grc' dir='ltr'>ἦ</span> <span class='ocrx_word' id='word_1_39' title='bbox 376 908 426 943; x_wconf 86' lang='lat' dir='ltr'><strong>ut</strong></span> <span class='ocrx_word' id='word_1_40' title='bbox 465 897 511 943; x_wconf 91' lang='lat' dir='ltr'><strong>in</strong></span> <span class='ocrx_word' id='word_1_41' title='bbox 552 915 603 944; x_wconf 90' lang='lat' dir='ltr'><strong>re</strong></span> <span class='ocrx_word' id='word_1_42' title='bbox 667 899 966 945; x_wconf 71' lang='lat' dir='ltr'><strong>tumultuaria</strong></span> <span class='ocrx_word' id='word_1_43' title='bbox 1000 934 1011 954; x_wconf 73' lang='lat'><strong>‚</strong></span> <span class='ocrx_word' id='word_1_44' title='bbox 1076 913 1145 946; x_wconf 81' lang='lat' dir='ltr'><strong>est</strong></span> <span class='ocrx_word' id='word_1_45' title='bbox 1202 901 1336 963; x_wconf 65' lang='lat' dir='ltr'><strong>quod</strong></span> 
     </span>
     <span class='ocr_line' id='line_1_10' title="bbox 76 982 1332 1034; baseline -0.002 0"><span class='ocrx_word' id='word_1_46' title='bbox 76 984 160 1034; x_wconf 84' lang='lat' dir='ltr'><strong>viri</strong></span> <span class='ocrx_word' id='word_1_47' title='bbox 195 982 343 1030; x_wconf 86' lang='lat' dir='ltr'><strong>sedati</strong></span> <span class='ocrx_word' id='word_1_48' title='bbox 380 982 651 1031; x_wconf 71' lang='lat' dir='ltr'><strong>desiderent</strong></span> <span class='ocrx_word' id='word_1_49' title='bbox 686 985 878 1032; x_wconf 81' lang='lat' dir='ltr'><strong>adhuc:</strong></span> <span class='ocrx_word' id='word_1_50' title='bbox 935 998 1004 1031; x_wconf 84' lang='lat' dir='ltr'><strong>est</strong></span> <span class='ocrx_word' id='word_1_51' title='bbox 1039 986 1192 1032; x_wconf 85' lang='lat' dir='ltr'><strong>multo</strong></span> <span class='ocrx_word' id='word_1_52' title='bbox 1231 1003 1332 1032; x_wconf 80' lang='lat' dir='ltr'><strong>ma-</strong></span> 
     </span>
     <span class='ocr_line' id='line_1_11' title="bbox 65 1070 1330 1136; baseline 0 -18"><span class='ocrx_word' id='word_1_53' title='bbox 65 1073 162 1136; x_wconf 82' lang='lat' dir='ltr'><strong>gis,</strong></span> <span class='ocrx_word' id='word_1_54' title='bbox 218 1070 350 1134; x_wconf 87' lang='lat' dir='ltr'><strong>quod</strong></span> <span class='ocrx_word' id='word_1_55' title='bbox 384 1070 652 1118; x_wconf 78' lang='lat' dir='ltr'>desiderem</span> <span class='ocrx_word' id='word_1_56' title='bbox 709 1073 826 1136; x_wconf 83' lang='lat' dir='ltr'><strong>ipse.</strong></span> <span class='ocrx_word' id='word_1_57' title='bbox 886 1071 926 1116; x_wconf 93' lang='lat' dir='ltr'>T</span> <span class='ocrx_word' id='word_1_58' title='bbox 930 1088 1141 1135; x_wconf 85' lang='lat' dir='ltr'><strong>yporum</strong></span> <span class='ocrx_word' id='word_1_59' title='bbox 1178 1084 1330 1119; x_wconf 81' lang='lat' dir='ltr'><strong>errata</strong></span> 
     </span>
     <span class='ocr_line' id='line_1_12' title="bbox 59 1156 1328 1222; baseline 0.001 -19"><span class='ocrx_word' id='word_1_60' title='bbox 59 1174 152 1203; x_wconf 90' lang='lat' dir='ltr'><strong>non</strong></span> <span class='ocrx_word' id='word_1_61' title='bbox 189 1174 376 1220; x_wconf 84' lang='lat' dir='ltr'><strong>pauca;</strong></span> <span class='ocrx_word' id='word_1_62' title='bbox 435 1169 592 1204; x_wconf 85' lang='lat' dir='ltr'><strong>nostra</strong></span> <span class='ocrx_word' id='word_1_63' title='bbox 654 1157 806 1204; x_wconf 83' lang='lat' dir='ltr'><strong>multo</strong></span> <span class='ocrx_word' id='word_1_64' title='bbox 864 1157 1015 1222; x_wconf 73' lang='lat' dir='ltr'><strong>plura.</strong></span> <span class='ocrx_word' id='word_1_65' title='bbox 1080 1156 1328 1215; x_wconf 76' lang='lat' dir='ltr'><strong>Quaedam</strong></span> 
     </span>
     <span class='ocr_line' id='line_1_13' title="bbox 57 1241 1329 1306; baseline -0.002 -17"><span class='ocrx_word' id='word_1_66' title='bbox 57 1260 258 1306; x_wconf 80' lang='lat' dir='ltr'><strong>namque</strong></span> <span class='ocrx_word' id='word_1_67' title='bbox 297 1243 354 1288; x_wconf 90' lang='lat' dir='ltr'><strong>in</strong></span> <span class='ocrx_word' id='word_1_68' title='bbox 392 1242 465 1288; x_wconf 84' lang='lat' dir='ltr'><strong>his</strong></span> <span class='ocrx_word' id='word_1_69' title='bbox 526 1241 819 1306; x_wconf 75' lang='lat' dir='ltr'><strong>trepidanter</strong></span> <span class='ocrx_word' id='word_1_70' title='bbox 876 1241 1109 1288; x_wconf 83' lang='lat' dir='ltr'><strong>insinuata</strong></span> <span class='ocrx_word' id='word_1_71' title='bbox 1137 1276 1148 1296; x_wconf 61' lang='lat' dir='ltr'>a</span> <span class='ocrx_word' id='word_1_72' title='bbox 1207 1259 1329 1305; x_wconf 88' lang='lat' dir='ltr'><strong>quae</strong></span> 
     </span>
     <span class='ocr_line' id='line_1_14' title="bbox 52 1328 1328 1396; baseline -0.003 -19"><span class='ocrx_word' id='word_1_73' title='bbox 52 1341 161 1396; x_wconf 89' lang='lat' dir='ltr'><strong>post</strong></span> <span class='ocrx_word' id='word_1_74' title='bbox 199 1347 430 1395; x_wconf 84' lang='lat' dir='ltr'><strong>perpensa</strong></span> <span class='ocrx_word' id='word_1_75' title='bbox 469 1330 736 1385; x_wconf 71' lang='lat' dir='ltr'><strong>maturius,</strong></span> <span class='ocrx_word' id='word_1_76' title='bbox 779 1346 889 1377; x_wconf 85' lang='lat' dir='ltr'><strong>curn</strong></span> <span class='ocrx_word' id='word_1_77' title='bbox 926 1329 1077 1393; x_wconf 87' lang='lat' dir='ltr'><strong>iisque</strong></span> <span class='ocrx_word' id='word_1_78' title='bbox 1117 1328 1286 1376; x_wconf 80' lang='lat' dir='ltr'><strong>collata</strong></span> <span class='ocrx_word' id='word_1_79' title='bbox 1320 1365 1328 1383; x_wconf 90' lang='lat'>,</span> 
     </span>
     <span class='ocr_line' id='line_1_15' title="bbox 54 1415 1328 1481; baseline -0.001 -19"><span class='ocrx_word' id='word_1_80' title='bbox 54 1434 171 1481; x_wconf 85' lang='lat' dir='ltr'><strong>quae</strong></span> <span class='ocrx_word' id='word_1_81' title='bbox 207 1416 437 1480; x_wconf 78' lang='lat' dir='ltr'><strong>deinceps</strong></span> <span class='ocrx_word' id='word_1_82' title='bbox 461 1415 520 1464; x_wconf 80' lang='lat' dir='ltr'><strong>cle</strong></span> <span class='ocrx_word' id='word_1_83' title='bbox 557 1415 904 1481; x_wconf 82' lang='lat' dir='ltr'><strong>Pompeiorum</strong></span> <span class='ocrx_word' id='word_1_84' title='bbox 941 1416 1192 1464; x_wconf 85' lang='lat' dir='ltr'><strong>ruderibus</strong></span> <span class='ocrx_word' id='word_1_85' title='bbox 1217 1425 1328 1462; x_wconf 87' lang='lat' dir='ltr'><strong>sunt</strong></span> 
     </span>
     <span class='ocr_line' id='line_1_16' title="bbox 52 1501 1328 1567; baseline 0 -19"><span class='ocrx_word' id='word_1_86' title='bbox 52 1514 272 1567; x_wconf 82' lang='lat' dir='ltr'><strong>congesta</strong></span> <span class='ocrx_word' id='word_1_87' title='bbox 297 1538 308 1554; x_wconf 86' lang='lat'>,</span> <span class='ocrx_word' id='word_1_88' title='bbox 350 1501 494 1548; x_wconf 83' lang='lat' dir='ltr'><strong>fidem</strong></span> <span class='ocrx_word' id='word_1_89' title='bbox 531 1514 816 1566; x_wconf 80' lang='lat' dir='ltr'><strong>extorquere</strong></span> <span class='ocrx_word' id='word_1_90' title='bbox 877 1503 1105 1550; x_wconf 85' lang='lat' dir='ltr'><strong>videntur</strong></span> <span class='ocrx_word' id='word_1_91' title='bbox 1157 1502 1233 1550; x_wconf 91' lang='lat' dir='ltr'><strong>vel</strong></span> <span class='ocrx_word' id='word_1_92' title='bbox 1269 1503 1328 1550; x_wconf 81' lang='lat' dir='ltr'><strong>ab</strong></span> 
     </span>
     <span class='ocr_line' id='line_1_17' title="bbox 49 1588 1326 1653; baseline 0.002 -18"><span class='ocrx_word' id='word_1_93' title='bbox 49 1589 232 1636; x_wconf 87' lang='lat' dir='ltr'><strong>invitis.</strong></span> <span class='ocrx_word' id='word_1_94' title='bbox 261 1589 556 1653; x_wconf 88' lang='lat' dir='ltr'><strong>Temporum</strong></span> <span class='ocrx_word' id='word_1_95' title='bbox 593 1589 886 1653; x_wconf 77' lang='lat' dir='ltr'><strong>supputatio,</strong></span> <span class='ocrx_word' id='word_1_96' title='bbox 926 1588 1141 1653; x_wconf 87' lang='lat' dir='ltr'><strong>ordoque</strong></span> <span class='ocrx_word' id='word_1_97' title='bbox 1179 1590 1326 1638; x_wconf 87' lang='lat' dir='ltr'><strong>inter-</strong></span> 
     </span>
     <span class='ocr_line' id='line_1_18' title="bbox 50 1676 1328 1742; baseline 0.002 -19"><span class='ocrx_word' id='word_1_98' title='bbox 50 1676 165 1723; x_wconf 89' lang='lat' dir='ltr'><strong>dum</strong></span> <span class='ocrx_word' id='word_1_99' title='bbox 226 1690 411 1742; x_wconf 83' lang='lat' dir='ltr'><strong>praeter</strong></span> <span class='ocrx_word' id='word_1_100' title='bbox 455 1714 468 1736; x_wconf 86' lang='lat'><strong>‚</strong></span> <span class='ocrx_word' id='word_1_101' title='bbox 525 1677 766 1725; x_wconf 87' lang='lat' dir='ltr'><strong>interdum</strong></span> <span class='ocrx_word' id='word_1_102' title='bbox 826 1677 967 1723; x_wconf 88' lang='lat' dir='ltr'><strong>etiam</strong></span> <span class='ocrx_word' id='word_1_103' title='bbox 1027 1690 1192 1725; x_wconf 86' lang='lat' dir='ltr'><strong>contra</strong></span> <span class='ocrx_word' id='word_1_104' title='bbox 1246 1688 1328 1732; x_wconf 58' lang='grc' dir='ltr'><strong>τρῖς</strong></span> 
     </span>
     <span class='ocr_line' id='line_1_19' title="bbox 54 1764 1328 1833; baseline 0.001 -21"><span class='ocrx_word' id='word_1_105' title='bbox 54 1765 364 1832; x_wconf 76' lang='grc' dir='ltr'>χρονολογιας</span> <span class='ocrx_word' id='word_1_106' title='bbox 402 1764 643 1833; x_wconf 74' lang='grc' dir='ltr'><em>ἂκριβειαν,</em></span> <span class='ocrx_word' id='word_1_107' title='bbox 673 1785 733 1814; x_wconf 85' lang='lat' dir='ltr'><strong>ex</strong></span> <span class='ocrx_word' id='word_1_108' title='bbox 770 1783 860 1812; x_wconf 88' lang='lat' dir='ltr'><strong>eo.</strong></span> <span class='ocrx_word' id='word_1_109' title='bbox 903 1764 1038 1829; x_wconf 87' lang='lat' dir='ltr'><strong>quod</strong></span> <span class='ocrx_word' id='word_1_110' title='bbox 1075 1765 1328 1813; x_wconf 85' lang='lat' dir='ltr'><strong>titulorum</strong></span> 
     </span>
     <span class='ocr_line' id='line_1_20' title="bbox 51 1852 1320 1917; baseline -0.001 -18"><span class='ocrx_word' id='word_1_111' title='bbox 51 1852 231 1914; x_wconf 84' lang='lat' dir='ltr'><strong>generis</strong></span> <span class='ocrx_word' id='word_1_112' title='bbox 291 1853 431 1899; x_wconf 88' lang='lat' dir='ltr'><strong>huius</strong></span> <span class='ocrx_word' id='word_1_113' title='bbox 466 1870 557 1900; x_wconf 90' lang='lat' dir='ltr'><strong>nec</strong></span> <span class='ocrx_word' id='word_1_114' title='bbox 605 1853 761 1917; x_wconf 85' lang='lat' dir='ltr'><strong>ampla</strong></span> <span class='ocrx_word' id='word_1_115' title='bbox 822 1865 937 1898; x_wconf 82' lang='lat' dir='ltr'><strong>tunc</strong></span> <span class='ocrx_word' id='word_1_116' title='bbox 990 1868 1120 1915; x_wconf 76' lang='lat' dir='ltr'><strong>seges</strong></span> <span class='ocrx_word' id='word_1_117' title='bbox 1156 1889 1166 1907; x_wconf 88' lang='grc'>,</span> <span class='ocrx_word' id='word_1_118' title='bbox 1230 1870 1320 1898; x_wconf 83' lang='lat' dir='ltr'><strong>nec</strong></span> 
     </span>
     <span class='ocr_line' id='line_1_21' title="bbox 48 1937 1323 1986; baseline 0.001 -3"><span class='ocrx_word' id='word_1_119' title='bbox 48 1948 142 1985; x_wconf 86' lang='lat' dir='ltr'><strong>tota</strong></span> <span class='ocrx_word' id='word_1_120' title='bbox 183 1939 324 1984; x_wconf 78' lang='lat' dir='ltr'><strong>simul</strong></span> <span class='ocrx_word' id='word_1_121' title='bbox 363 1939 591 1986; x_wconf 77' lang='lat' dir='ltr'><strong>scribenti</strong></span> <span class='ocrx_word' id='word_1_122' title='bbox 629 1940 751 1985; x_wconf 82' lang='lat' dir='ltr'><strong>inter</strong></span> <span class='ocrx_word' id='word_1_123' title='bbox 776 1938 971 1985; x_wconf 82' lang='lat' dir='ltr'><strong>adversa</strong></span> <span class='ocrx_word' id='word_1_124' title='bbox 991 1939 1148 1985; x_wconf 80' lang='lat' dir='ltr'><strong>onmia</strong></span> <span class='ocrx_word' id='word_1_125' title='bbox 1186 1937 1323 1985; x_wconf 79' lang='lat' dir='ltr'><strong>obla-</strong></span> 
     </span>
     <span class='ocr_line' id='line_1_22' title="bbox 47 2021 1325 2090; baseline 0 -20"><span class='ocrx_word' id='word_1_126' title='bbox 47 2033 110 2070; x_wconf 84' lang='lat' dir='ltr'><strong>ta.</strong></span> <span class='ocrx_word' id='word_1_127' title='bbox 150 2022 277 2072; x_wconf 81' lang='lat' dir='ltr'><strong>Haec</strong></span> <span class='ocrx_word' id='word_1_128' title='bbox 314 2025 362 2071; x_wconf 89' lang='lat' dir='ltr'><strong>in</strong></span> <span class='ocrx_word' id='word_1_129' title='bbox 400 2025 588 2090; x_wconf 85' lang='lat' dir='ltr'><strong>duplici</strong></span> <span class='ocrx_word' id='word_1_130' title='bbox 626 2026 708 2071; x_wconf 83' lang='lat' dir='ltr'><strong>illo</strong></span> <span class='ocrx_word' id='word_1_131' title='bbox 739 2024 1098 2072; x_wconf 80' lang='lat' dir='ltr'><strong>Commentario</strong></span> <span class='ocrx_word' id='word_1_132' title='bbox 1133 2021 1325 2072; x_wconf 68' lang='lat' dir='ltr'><strong>incom-&#39;</strong></span> 
     </span>
     <span class='ocr_line' id='line_1_23' title="bbox 10 2110 1312 2181; baseline 0.002 -26"><span class='ocrx_word' id='word_1_133' title='bbox 10 2176 14 2181; x_wconf 29' lang='grc' dir='ltr'><strong><em>ι</em></strong></span> <span class='ocrx_word' id='word_1_134' title='bbox 45 2110 184 2158; x_wconf 85' lang='lat' dir='ltr'><strong>moda</strong></span> <span class='ocrx_word' id='word_1_135' title='bbox 225 2112 471 2177; x_wconf 81' lang='lat' dir='ltr'><strong>graviora,</strong></span> <span class='ocrx_word' id='word_1_136' title='bbox 528 2110 699 2176; x_wconf 87' lang='lat' dir='ltr'><strong>quibus</strong></span> <span class='ocrx_word' id='word_1_137' title='bbox 735 2128 863 2157; x_wconf 86' lang='lat' dir='ltr'><strong>nunc</strong></span> <span class='ocrx_word' id='word_1_138' title='bbox 926 2111 1079 2158; x_wconf 87' lang='lat' dir='ltr'><strong>visum</strong></span> <span class='ocrx_word' id='word_1_139' title='bbox 1116 2122 1186 2158; x_wconf 90' lang='lat' dir='ltr'><strong>est</strong></span> <span class='ocrx_word' id='word_1_140' title='bbox 1223 2110 1312 2158; x_wconf 86' lang='lat' dir='ltr'><strong>du-</strong></span> 
     </span>
     <span class='ocr_line' id='line_1_24' title="bbox 44 2196 1317 2262; baseline 0.001 -20"><span class='ocrx_word' id='word_1_141' title='bbox 44 2197 160 2262; x_wconf 85' lang='lat' dir='ltr'><strong>plici</strong></span> <span class='ocrx_word' id='word_1_142' title='bbox 196 2198 289 2244; x_wconf 86' lang='lat' dir='ltr'><strong>hoc</strong></span> <span class='ocrx_word' id='word_1_143' title='bbox 350 2199 444 2244; x_wconf 85' lang='lat' dir='ltr'><strong>alio</strong></span> <span class='ocrx_word' id='word_1_144' title='bbox 482 2196 840 2244; x_wconf 79' lang='lat' dir='ltr'><strong>Commentario</strong></span> <span class='ocrx_word' id='word_1_145' title='bbox 879 2196 1169 2244; x_wconf 88' lang='lat' dir='ltr'><strong>succidaneo</strong></span> <span class='ocrx_word' id='word_1_146' title='bbox 1207 2214 1317 2243; x_wconf 86' lang='lat' dir='ltr'><strong>suc-</strong></span> 
     </span>
     <span class='ocr_line' id='line_1_25' title="bbox 46 2283 1317 2332; baseline 0.002 -4"><span class='ocrx_word' id='word_1_147' title='bbox 46 2300 251 2331; x_wconf 84' lang='lat' dir='ltr'><strong>currere.</strong></span> <span class='ocrx_word' id='word_1_148' title='bbox 313 2284 509 2332; x_wconf 85' lang='lat' dir='ltr'><strong>Numeri</strong></span> <span class='ocrx_word' id='word_1_149' title='bbox 552 2283 636 2332; x_wconf 81' lang='lat' dir='ltr'><strong>VI.</strong></span> <span class='ocrx_word' id='word_1_150' title='bbox 676 2296 721 2332; x_wconf 88' lang='lat' dir='ltr'><strong>et</strong></span> <span class='ocrx_word' id='word_1_151' title='bbox 763 2284 871 2331; x_wconf 78' lang='lat' dir='ltr'><strong>VII.</strong></span> <span class='ocrx_word' id='word_1_152' title='bbox 935 2285 1048 2332; x_wconf 68' lang='lat' dir='ltr'><strong>sarti</strong></span> <span class='ocrx_word' id='word_1_153' title='bbox 1087 2285 1198 2331; x_wconf 89' lang='lat' dir='ltr'><strong>tecti</strong></span> <span class='ocrx_word' id='word_1_154' title='bbox 1237 2284 1317 2330; x_wconf 80' lang='lat' dir='ltr'><strong>iis-</strong></span> 
     </span>
     <span class='ocr_line' id='line_1_26' title="bbox 44 2369 1319 2429; baseline 0 -13"><span class='ocrx_word' id='word_1_155' title='bbox 44 2369 150 2418; x_wconf 79' lang='lat' dir='ltr'><strong>dem</strong></span> <span class='ocrx_word' id='word_1_156' title='bbox 187 2385 485 2420; x_wconf 82' lang='lat' dir='ltr'><strong>reservantur</strong></span> <span class='ocrx_word' id='word_1_157' title='bbox 516 2411 525 2429; x_wconf 89' lang='lat'><strong><em>‚</em></strong></span> <span class='ocrx_word' id='word_1_158' title='bbox 582 2391 640 2419; x_wconf 87' lang='lat' dir='ltr'><strong>ne</strong></span> <span class='ocrx_word' id='word_1_159' title='bbox 680 2373 937 2421; x_wconf 83' lang='lat' dir='ltr'><strong>constituta</strong></span> <span class='ocrx_word' id='word_1_160' title='bbox 978 2371 1096 2418; x_wconf 89' lang='lat' dir='ltr'><strong>olim</strong></span> <span class='ocrx_word' id='word_1_161' title='bbox 1134 2371 1208 2417; x_wconf 89' lang='lat' dir='ltr'><strong>his</strong></span> <span class='ocrx_word' id='word_1_162' title='bbox 1248 2389 1319 2417; x_wconf 81' lang='lat' dir='ltr'><strong>se-</strong></span> 
     </span>
    </p>
   </div>
   <div class='ocr_carea' id='block_1_3' title="bbox 47 2454 1380 2526">
    <p class='ocr_par' dir='ltr' id='par_1_4' title="bbox 47 2454 1380 2526">
     <span class='ocr_line' id='line_1_27' title="bbox 47 2454 1380 2526; baseline 0 -22"><span class='ocrx_word' id='word_1_163' title='bbox 47 2459 135 2506; x_wconf 87' lang='lat' dir='ltr'><strong>ries</strong></span> <span class='ocrx_word' id='word_1_164' title='bbox 171 2460 555 2526; x_wconf 76' lang='lat' dir='ltr'><strong>interrumpatur.</strong></span> <span class='ocrx_word' id='word_1_165' title='bbox 619 2460 835 2508; x_wconf 78' lang='lat' dir='ltr'><strong>Primum</strong></span> <span class='ocrx_word' id='word_1_166' title='bbox 891 2461 1048 2525; x_wconf 77' lang='lat' dir='ltr'><strong>itaque</strong></span> <span class='ocrx_word' id='word_1_167' title='bbox 1111 2459 1199 2505; x_wconf 85' lang='lat' dir='ltr'><strong>erit</strong></span> <span class='ocrx_word' id='word_1_168' title='bbox 1257 2457 1316 2504; x_wconf 83' lang='lat' dir='ltr'><strong>de</strong></span> <span class='ocrx_word' id='word_1_169' title='bbox 1364 2454 1380 2486; x_wconf 69' lang='lat'>1</span> 
     </span>
    </p>
   </div>
  </div>
 </body>
</html>
