1612 2880
1267 246 1332 309 67

71 329 158 374 itae
196 328 414 374 rationes.
454 325 616 373 Seiani
653 328 833 392 quippe
887 345 1046 376 casum
1067 331 1208 377 refert,
1244 329 1334 377 Ba-

71 416 232 462 ronius
279 414 337 460 ad
366 431 442 459 an.
484 431 617 459 aerae
653 426 842 462 nostrae
902 415 1198 464 tricesimum
1235 418 1333 481 pri-

67 517 229 558 mum,
268 498 582 563 eumdemque
620 498 805 547 Tiberii
842 502 1141 565 principatus
1179 505 1327 568 septi-

71 602 204 633 mum
240 585 357 632 ultra
418 584 678 631 decimum.
720 586 823 633 Hoc
863 605 988 634 anno
1050 588 1108 634 de
1147 587 1334 637 Consu-

72 674 167 721 latu
215 671 477 720 decesserat
515 689 625 718 cun}
662 672 859 721 Tiberio
900 673 1095 720 Seianus
1133 675 1192 722 ad
1207 675 1336 723 diem

72 759 135 806 X.
174 758 322 805 Maii.
390 758 559 822 hisque
596 758 780 807 suffecti
843 779 883 807 ι.
946 761 1166 808 Faustus
1211 763 1339 807 Cor-

71 845 221 893 nelias
258 842 400 892 Sulla
437 862 546 892 curn
585 845 809 894 Sex-lidio
849 846 1096 894 Catullum
1137 865 1183 893 2.
1227 849 1337 895 Fal.

68 933 216 980 cinius
264 929 387 979 Trio
415 967 429 990 7
468 944 514 979 et
549 932 801 981 Memmius
838 934 1092 999 Rc‘gzclu5‚
1145 937 1227 1000 qui
1267 954 1340 983 re-=

66 1018 248 1083 liquum
300 1018 413 1065 anni
447 1020 545 1067 fere
600 1020 876 1083 implerunt.
921 1020 1150 1068 Consules
1201 1040 1331 1070 nunc

64 1108 194 1171 cippi
256 1107 537 1172 Pompeiani
599 1121 865 1172 opportune
913 1107 1156 1172 prodeunt
1198 1125 1327 1156 anno

64 1195 249 1242 Tiberii
288 1195 479 1243 decimo
520 1207 695 1243 octavo
727 1232 735 1250 ,
773 1195 991 1260 adeoque
1016 1195 1184 1259 paucis
1225 1206 1335 1261 post

60 1280 305 1328 mensibus
341 1280 513 1327 abeunt
551 1299 575 1326 a
613 1297 729 1329 nece
765 1279 943 1327 Seiani.
983 1279 1147 1328 Facile
1184 1280 1329 1345 igitur

62 1367 251 1424 subthis
311 1367 600 1414 Consulibus
634 1365 953 1429 Pompeiani,
1003 1382 1207 1430 quorum
1243 1383 1335 1414 nec

65 1454 222 1519 segnia
260 1454 309 1499 in
354 1452 536 1500 Tiberii
555 1453 925 1498 assentationem
962 1462 1096 1499 erant
1132 1450 1287 1498 studia
1318 1487 1327 1506 ‚

61 1552 110 1589 et
154 1541 322 1605 religio
359 1540 407 1586 in
445 1540 707 1604 Augustum
757 1538 1069 1587 intentissima
1100 1573 1113 1595 a
1150 1539 1229 1587 cui
1264 1539 1333 1585 fa=

62 1625 202 1673 vebat
257 1627 471 1690 impense
510 1624 733 1673 Tiberius
762 1663 775 1684 ,
816 1624 866 1670 in
903 1635 1059 1671 tantae
1097 1625 1164 1672 rei
1202 1623 1329 1672 cele-

64 1710 284 1758 britatem
319 1710 433 1757 haec
480 1710 639 1756 omnia
699 1712 742 1757 ei
790 1707 1185 1765 constituerunt,
1238 1724 1336 1772 quo

65 1778 145 1841 {iun
182 1795 381 1859 gratiam
428 1792 488 1840 ab
537 1793 643 1859 ipso
703 1793 880 1840 inirent
936 1792 1201 1846 maiorem,
1259 1794 1338 1840 vel

68 1881 302 1934 invidiam
336 1893 463 1930 certe
499 1898 524 1927 a
584 1898 633 1928 se
668 1879 981 1945 depellerent.
1022 1877 1215 1926 Praeter
1252 1877 1339 1925 ob-

67 1988 249 2021 servata
294 1973 524 2020 hactenus
559 1969 619 2016 ad
670 1983 879 2015 marmor
937 1966 1190 2013 recitatum
1217 2001 1227 2020 ‚
1283 1975 1332 2011 et

69 2056 162 2103 hoc
202 2056 391 2120 insuper
426 2054 548 2101 lueri
587 2069 647 2099 ex
683 2050 853 2098 eodem
889 2049 1096 2103 accedit„
1118 2058 1170 2094 ut
1206 2047 1337 2095 illius

72 2159 162 2206 ope
200 2142 463 2206 fragmento
497 2138 609 2185 huic
646 2135 782 2183 alteri
807 2134 1104 2200 Pompeiano
1123 2132 1339 2181 eiusdem

73 2227 186 2274 anni
225 2224 460 2291 suppetias
496 2233 768 2288 opportune
808 2219 1037 2266 feramus.
