1612 2880
259 274 315 305 10

242 346 428 410 primus
461 343 736 394 decucurrit
761 363 973 396 seorsum
1027 346 1293 413 insculptus
1329 365 1416 415 per
1452 353 1528 400 in-

250 447 409 500 tegros
444 445 650 499 quatuor
693 451 856 482 versus
876 437 1078 501 priores.
1119 434 1321 485 Novato
1355 435 1528 485 deinde

256 540 390 572 sacro
424 533 534 587 post
567 539 721 570 annos
754 522 933 586 viginti
969 540 1081 580 sex,
1119 534 1172 571 ut
1193 525 1529 583 ιἠςίίιιιῑίοηὶς,

251 621 298 656 et
352 609 631 656 novationis
666 607 717 654 in
753 624 906 655 unum
939 611 1173 659 memoria
1211 624 1527 675 perennaret‚

246 695 515 760 descriptae
571 711 598 741 e
633 693 884 741 vetustiori
918 694 1080 760 lapide
1131 709 1337 761 quatuor
1374 697 1528 746 lineae

247 782 435 846 priores
493 782 544 828 in
582 781 774 828 titulum
809 798 961 829 unum
989 815 1003 837 ·›
1030 784 1411 848 continuumque
1448 801 1530 831 co-

250 880 546 934 agmentatae
584 880 694 914 sunt
729 867 790 915 ad
827 884 908 914 an.
935 868 1052 933 755.
1093 866 1223 927 Quid
1258 870 1318 917 sit
1353 886 1529 917 novare

256 972 429 1013 saera„
490 954 602 1003 loco
637 954 982 1018 opportuniore
1042 956 1165 1004 infra
1226 955 1531 1005 discutietur.

255 1041 397 1090 Nunc
434 1040 514 1089 cui
564 1056 758 1088 sacrum
798 1040 897 1088 hoc
930 1052 976 1088 et
1013 1042 1287 1088 institutum
1314 1082 1326 1101 ‚
1369 1055 1417 1089 et
1451 1059 1537 1088 no-

254 1140 422 1178 vatum
475 1128 619 1176 fuerit
647 1163 660 1186 .‚
700 1128 977 1176 coniectura
1027 1127 1193 1174 saltem
1229 1130 1417 1192 assequi
1454 1146 1538 1177 co-

256 1215 500 1262 nabimur.

393 1300 646 1348 Debellato
682 1298 914 1354 Antonio,
942 1299 1161 1347 omnium
1197 1297 1539 1347 celeberrimus

257 1389 528 1454 triumphus
553 1389 795 1435 Actiacus.
832 1386 948 1433 Inde
985 1387 1188 1434 Octavio
1211 1385 1431 1450 Augusti
1452 1402 1542 1432 no-

257 1494 369 1523 men
426 1475 708 1530 decretum,
749 1474 948 1521 Senatus
985 1473 1218 1518 sententia
1242 1507 1253 1528 ,
1312 1488 1438 1518 anno
1473 1470 1538 1515 V.

258 1563 326 1611 C.
368 1579 488 1631 727.
526 1562 789 1618 OctaviuS‚
829 1559 1111 1627 compositis
1134 1558 1345 1624 Aegypti
1381 1557 1539 1619 rebus,

269 1653 475 1699 Romam
512 1650 654 1699 rediit
689 1667 816 1698 anno
853 1666 969 1717 7293
1010 1663 1110 1712 quo
1147 1647 1252 1711 ipso
1286 1662 1414 1693 anno
1448 1663 1538 1711 pu-

268 1741 408 1792 tarim
434 1778 445 1797 ,
497 1740 580 1787 abs
613 1737 920 1804 Pompeianis
974 1736 1246 1783 institutum
1276 1770 1291 1794 ,
1330 1732 1542 1781 celebra—

261 1845 466 1895 tumque
498 1827 595 1875 hoc
633 1828 675 1874 ei
725 1839 919 1873 sacrum
940 1859 954 1882 ‚
1007 1820 1139 1887 quod
1172 1818 1348 1868 deinde
1384 1836 1536 1865 nova—

264 1930 363 1967 tum
399 1916 458 1963 ad
493 1932 672 1962 annum
711 1912 830 1979 755.
872 1909 966 1960 Sed
1003 1911 1099 1959 iam
1154 1909 1362 1956 triennio
1419 1923 1528 1954 ante

266 2004 327 2051 ad
362 2004 523 2050 minus
545 2039 558 2061 7
598 2020 772 2067 nempe
809 2002 928 2067 752.
966 2007 1299 2065 processerant
1334 1996 1540 2059 Pompe·

261 2091 307 2138 is
358 2090 583 2137 Miniszrc'
629 2090 848 2152 Augusti
873 2122 886 2142 q
946 2086 1004 2134 de
1061 2083 1237 2149 quibus
1290 2083 1440 2130 altum
1493 2083 1546 2128 in

268 2192 510 2223 marmore
545 2186 711 2222 nostro
751 2174 1010 2221 silentium.
1073 2171 1166 2218 Res
1220 2170 1380 2233 itaque
1438 2181 1544 2216 acta

269 2264 320 2308 in
356 2261 555 2328 Augusti
593 2262 896 2326 obsequium,
935 2259 1018 2306 sed
1052 2277 1139 2324 per
1174 2257 1294 2305 alios
1341 2274 1365 2302 a
1403 2255 1553 2302 fisini-

276 2351 389 2396 stm's
426 2350 657 2413 Augusti.

399 2433 649 2483 Ministros
686 2434 808 2481 inter
843 2431 1055 2497 Augusti
1088 2429 1408 2496 Pompeianos
1441 2443 1546 2476 raro
