1612 2880
1300 301 1330 346 9

66 387 117 418 ra
154 380 225 417 est
262 369 474 420 inferne,
534 363 596 409 ita
637 374 796 410 tamen
850 373 902 410 ut
959 365 1115 412 aciem
1168 367 1326 413 acrius

65 456 328 506 intendenti
352 449 606 516 conspicua
642 452 703 499 sit
739 467 837 500 vox
871 450 1095 500 Lucreti.
1134 451 1211 499 Ad
1245 470 1326 498 an.

69 544 135 594 V.
172 542 228 589 C.
270 539 384 606 785.
442 538 639 586 obviam
696 555 745 585 se
799 538 933 587 dabit
993 540 1065 589 M.
1130 539 1332 604 quidam

66 629 320 679 Lucretius
356 623 657 679 Manlianus,
697 623 922 689 idemque
956 626 1018 673 D.
1058 623 1120 671 V.
1160 625 1200 672 Ι.
1241 624 1326 681 1).,

65 727 111 761 et
144 714 201 761 ad
234 729 310 758 an.
352 711 469 774 787.
490 711 561 760 M.
586 697 849 761 Eucrelius
885 710 1033 765 idem,
1057 709 1139 756 sed
1177 709 1331 758 Prae-

62 801 216 862 fectus
248 796 290 842 Ι.
329 795 389 844 D.
429 812 541 844 cum
578 797 645 864 D.
683 797 915 844 Lucretio
952 796 1016 842 D.
1056 795 1120 841 V.
1160 793 1222 840 V.
1260 794 1324 839 A.

69 889 116 934 S.
151 883 207 932 P.
245 883 304 930 P.
363 901 484 950 quos
521 882 751 931 Lucretii
784 883 923 930 huius
957 882 1098 942 filios,
1127 894 1208 929 aut
1242 900 1328 929 ne·-

59 983 188 1040 potes
246 972 393 1019 fuisse
426 1010 435 1028 ‚
475 988 681 1036 aequum
720 982 789 1017 est
826 971 1054 1034 cogitare.
1094 970 1165 1016 De
1200 969 1330 1016 Gen-

62 1073 103 1107 te
144 1057 281 1120 Orsca
317 1057 427 1105 vide
465 1058 727 1105 Gruterum
765 1059 856 1122 (a).
897 1057 987 1106 Sed
1025 1059 1140 1105 haec
1179 1057 1328 1117 levio-

56 1164 119 1194 ra.
163 1145 397 1193 Graviora
435 1146 581 1192 modo
617 1160 803 1210 urgent.

182 1229 314 1289 Quid
349 1238 583 1278 novatam
619 1232 678 1279 ad
698 1250 876 1280 annum
918 1231 1078 1296 755.?
1117 1232 1327 1281 Sacrum

49 1328 178 1383 puta.
245 1317 434 1383 Atqui,
476 1319 515 1364 si
550 1328 781 1366 novatam
813 1358 823 1375 ‚
885 1336 996 1385 ergo
1049 1321 1322 1366 institutam

47 1418 203 1452 antea.
264 1405 336 1454 Ne
372 1406 604 1462 dubites;
647 1404 792 1471 idque
844 1407 1025 1454 sactum
1083 1417 1192 1453 tene
1228 1407 1324 1453 iarn

45 1492 105 1537 ab
141 1509 266 1539 anno
311 1509 424 1559 729.
466 1494 712 1540 Eodemne
766 1493 964 1557 lapide,
1023 1493 1123 1540 iure
1158 1492 1324 1540 scisci-

45 1578 220 1628 tabet-is
246 1617 257 1636 ,
298 1580 399 1625 sine
435 1580 533 1627 ullo
593 1580 920 1627 characterum
955 1578 1251 1634 discrimine,
1275 1590 1323 1626 et

45 1665 166 1711 sacri
218 1665 455 1712 institutio
493 1663 726 1711 celebrata
764 1665 824 1711 ad
860 1682 938 1710 an.
983 1682 1079 1732 7:29
1112 1684 1121 1718 ς
1162 1676 1210 1711 et
1246 1680 1321 1710 sa-

47 1753 119 1799 cri
156 1751 367 1798 eiusdem
423 1754 615 1798 novatio
654 1764 765 1817 post
802 1769 980 1798 annum
1017 1763 1206 1799 sextum
1243 1769 1321 1798 su-

45 1855 128 1903 pra
172 1837 502 1883 vicesimum?
542 1838 625 1885 His
659 1838 780 1886 adde
807 1877 816 1894 ‚
880 1838 1006 1904 quod
1046 1857 1134 1904 pro
1169 1840 1315 1903 primi

40 1926 172 1971 sacri
204 1925 502 1972 institutione
560 1927 710 1974 cietur
750 1927 801 1974 P.
843 1927 1056 1974 Statilius
1093 1927 1279 1990 Agatho
1307 1964 1316 1982 ,

41 2029 184 2076 quem
205 2029 339 2075 aegre
375 2012 573 2060 traxeris
608 2011 668 2058 ad
704 2014 835 2060 sacri
869 2014 1187 2060 novationem.
1218 2012 1318 2058 No-

42 2099 105 2146 do
141 2099 253 2146 huic
278 2100 507 2148 solvendo
544 2100 661 2146 haec
696 2099 852 2164 aptior
905 2099 1026 2146 mihi
1063 2099 1138 2146 via
1177 2098 1313 2145 vide-

42 2199 135 2235 tur.
196 2186 342 2234 Duos>
366 2187 416 2234 in
451 2205 600 2234 unum
637 2187 790 2235 coisse
843 2186 1042 2245 titulos,
1100 2202 1310 2252 quorum

168 2459 231 2516 (a)
264 2454 365 2520 Peg.
412 2457 541 2503 1006.
578 2477 620 2503 u.
657 2457 700 2513 4.
