1612 2880
1262 234 1329 282 ³63

429 324 589 373 STAI.
630 324 690 370 D.
734 325 793 370 V.
835 323 874 369 Ι.
922 322 976 370 D.

79 417 136 461 L.
182 411 484 464 EVMACHI.
524 410 729 461 FVSCI.
769 409 832 458 N.
872 407 1179 457 HERENNI.
1220 408 1329 456 VE÷

572 498 652 544 Rs.
690 499 753 545 D.
792 498 836 542 v

483 583 546 629 v,
589 584 646 631 A.
687 593 735 636 s.
775 585 833 632 P.
875 586 912 631 P

179 672 275 719 CN.
296 667 588 717 DOMITio.
613 669 914 717 CAMILLO.
944 651 1206 720 ARRvNo

77 757 352 824 V·C·785·
727 801 730 804 .
1032 758 1096 805 A.
1134 758 1199 805 v.
1242 758 1324 807 32.

635 843 752 891 Cos

201 1016 259 1062 In
295 1016 454 1063 fronte
491 1014 621 1080 cippi
659 1015 912 1063 marmorei
973 1033 1084 1062 sane
1141 1016 1331 1082 elegan-

75 1103 278 1161 tissimi,
306 1120 453 1168 quem
490 1103 587 1148 fere
619 1121 718 1150 non
755 1102 1055 1157 dubitamus„
1093 1101 1221 1149 basis
1256 1105 1331 1151 lo—

66 1208 123 1239 co
159 1190 304 1238 fuisse
342 1189 464 1235 olim
505 1199 680 1235 statuae
712 1189 901 1236 cuidam
924 1188 1120 1236 Tiberio
1140 1207 1164 1235 a
1186 1189 1333 1237 Pom-

60 1278 245 1345 peianis
299 1277 482 1343 positae
509 1311 522 1333 ,
565 1275 624 1321 de
661 1294 753 1340 qua
790 1276 931 1324 infra.
989 1275 1079 1324 Hic
1117 1276 1332 1341 primum

59 1366 226 1413 videre
263 1364 401 1412 licuit
422 1364 562 1429 siglas
600 1364 703 1410 illas
730 1363 1072 1428 Pompeiorum
1092 1362 1326 1427 proprias,

57 1469 182 1515 quae
221 1462 373 1497 tantas
410 1451 459 1496 in
496 1465 581 1495 nos
620 1448 891 1495 excitavere
929 1447 1184 1512 procellam,
1224 1448 1331 1512 qui-

61 1535 150 1582 bus
189 1535 289 1582 sine
349 1533 559 1580 numinis
596 1534 776 1581 auxilio
835 1533 1220 1598 praesentissimo
1247 1533 1333 1580 ob-

57 1623 153 1672 ruti
220 1623 321 1669 sine
375 1620 523 1668 dubio
562 1620 754 1667 tandem
791 1620 1059 1667 fuissemus.
1125 1620 1322 1684 Singula

66 1729 194 1758 nunc
220 1710 610 1775 perstringamus.
638 1706 700 1754 N.
729 1707 998 1754 Herennius
1037 1705 1190 1753 Verus
1215 1739 1228 1761 .‚
1265 1724 1322 1752 u-

57 1815 145 1844 nus
206 1814 231 1843 e
270 1796 493 1844 Duoviris
526 1794 591 1841 V.
631 1793 692 1841 A.
732 1793 787 1843 S.
848 1794 1185 1860 procurandis.
1223 1794 1327 1842 Hu-

55 1883 127 1929 ius
183 1882 335 1929 filium
372 1881 577 1929 arbitror
615 1880 909 1927 Herennium
944 1880 1081 1927 illum
1118 1879 1326 1939 Verum,

58 1970 143 2033 qui
201 1968 425 2016 Aedilitia
461 1966 687 2031 Pompeis
723 1964 935 2030 pollebat
969 1965 1206 2029 dignitate
1242 1983 1321 2014 an.

58 2056 121 2104 V.
164 2058 221 2104 C.
265 2053 379 2122 786.
417 2066 470 2102 ut
505 2072 564 2100 ex
601 2053 695 2099 alio
748 2052 985 2116 parietino
1035 2050 1328 2117 Pompeiano

55 2142 395 2208 epigrammate
431 2156 546 2185 mox
580 2137 888 2203 proferendo.

192 2226 331 2281 'fiviri
367 2245 445 2274 an.
489 2226 601 2291 787.
645 2242 738 2273 aer.
777 2225 910 2289 vulg.
951 2221 1032 2284 34.
1082 2224 1215 2271 fuere
1252 2224 1320 2271 Μ.

61 2313 299 2359 Vesonius
323 2311 594 2368 Marcellus,
617 2323 663 2358 et
690 2310 888 2375 Epidius
925 2310 1143 2367 Flaccus²
1166 2307 1322 2355 Praes,

61 2396 283 2444 Caesaris.
