1612 2880
233 192 346 246 26„

228 297 276 326 se
298 280 548 328 Fontinale
575 298 764 329 sacrum
782 300 893 330 curn
911 283 1242 331 Fontinalium
1266 282 1514 348 Magistro,

237 383 294 412 ac
332 365 594 414 Ministro?
616 367 901 415 Ministmm
921 404 934 424 .,
976 369 1167 434 reponit
1191 407 1202 425 ‚
1233 370 1350 417 cieri
1371 388 1434 435 op
1446 388 1525 418 or-

232 451 396 498 luisset
434 462 544 516 post
564 451 882 515 [Magistrum.
923 453 1027 514 Qua
1065 455 1114 501 in
1154 454 1346 512 tabula,
1385 473 1523 519 rogo,

229 557 373 585 aenea
395 577 404 595 ‚
445 550 526 586 aut
563 539 751 603 lapidea
790 540 870 587 lex
906 541 1185 589 huiusmodi
1223 541 1445 589 sancita?
1474 543 1524 588 in

224 625 380 672 titulis
431 624 738 691 Pompeianis
799 627 1017 676 Ministrc'
1066 641 1299 695 perpetuo
1359 648 1526 677 omnes

226 713 455 761 antistant
485 753 495 771 ,
560 715 705 761 etiam
755 715 815 761 D.
876 713 939 762 V.
1006 717 1048 763 I.
1106 718 1168 764 D.
1226 718 1297 766 Ne
1352 720 1528 783 plura,-

226 799 482 847 Mariniani
518 802 733 866 scrupuli
771 803 881 850 inde
919 805 1126 869 profecti
1181 806 1284 852 sine
1318 805 1470 852 dubio
1505 844 1516 862 .,

227 886 362 950 quod
397 886 560 934 animo
617 887 709 933 alte
768 885 888 935 olim
937 889 1173 938 insederat
1204 927 1214 947 ‚
1270 890 1524 939 ,Ministros

228 973 563 1023 conditionem
582 992 831 1022 servorum
856 994 1118 1040 numquam
1138 979 1347 1042 potuisse
1370 990 1524 1025 trans-

229 1062 455 1110 cendere.
519 1062 663 1121 Quod
706 1062 1056 1128 praeiudicium
1093 1065 1131 1110 si
1187 1065 1399 1112 licuisset
1435 1085 1522 1130 per

229 1152 535 1199 occasionem
564 1170 736 1198 exuere
760 1188 772 1209 ‚
796 1150 1103 1198 abstinuisset
1125 1151 1196 1198 vir
1217 1169 1328 1198 cum
1354 1153 1519 1216 paucis

233 1238 585 1302 comparandus
612 1277 622 1293 ,
663 1250 717 1286 ut
738 1238 919 1285 nodum
939 1238 990 1283 in
1029 1237 1225 1301 scirpo,
1267 1238 1335 1284 sic
1373 1238 1525 1284 cavil-

229 1323 359 1370 landi
400 1342 563 1371 ansam
603 1342 833 1389 quaerere
873 1328 921 1369 in
975 1339 1214 1369 marmore
1251 1319 1519 1386 Sponiano.

369 1413 550 1459 Verum
588 1412 828 1476 quidquid
864 1410 1074 1474 denique
1095 1409 1157 1454 sit
1179 1408 1239 1454 de
1274 1408 1522 1472 Sponiano

228 1498 570 1563 epigrammate
600 1534 615 1556 ‚
654 1496 935 1563 opinionem
986 1506 1114 1543 certe
1174 1491 1368 1540 Marinii
1405 1509 1526 1540 con-

227 1585 412 1634 vellunt
448 1585 676 1634 radicitus
716 1584 995 1651 Pompeiani
1017 1581 1198 1647 lapides
1217 1580 1373 1628 adhuc
1410 1598 1525 1646 pro-

228 1664 312 1717 lati
344 1707 357 1729 .,
392 1673 631 1737 longeque
670 1671 830 1736 plures
881 1687 941 1733 ex
978 1668 1146 1716 ordine
1196 1666 1474 1732 proferendi
1505 1704 1519 1724 .,

222 1759 273 1804 in
310 1757 487 1823 quibus
511 1759 851 1805 Ministroram
874 1757 999 1821 gregi
1022 1756 1198 1821 passim
1227 1772 1336 1802 cum
1357 1754 1525 1804 Servis

222 1843 451 1892 immixos
505 1845 665 1894 videas
703 1845 954 1893 trinomios
1005 1844 1223 1889 homines
1251 1879 1264 1898 .‚
1305 1862 1397 1907 qua
1436 1843 1522 1890 Li-

221 1928 382 1979 bercos
414 1971 423 1989 ‚
464 1952 556 1999 qua
597 1934 861 1998 Ingenuos.
924 1931 984 1977 Et
1021 1930 1080 1976 sit
1140 1930 1336 1993 quiden]
1374 1927 1520 1976 Mini-

227 2030 436 2066 istrorum
469 2058 478 2073 ‚
518 2032 570 2066 ut
609 2019 658 2064 hi
719 2028 924 2084 putant7
966 2015 1138 2062 servile
1192 2031 1398 2062 munus:
1441 2015 1525 2062 sed

223 2123 322 2153 non
359 2104 479 2151 adeo
518 2117 678 2151 tamen
707 2141 718 2160 ‚
761 2115 813 2151 ut
840 2119 1115 2167 persuasum
1143 2102 1257 2165 ipsis
1284 2112 1354 2147 est
1379 2137 1392 2158 ‚
1430 2100 1522 2148 hu-

220 2194 375 2252 mile,
423 2210 479 2240 ac.
518 2192 806 2256 neglectum,
849 2192 897 2236 in
935 2208 982 2235 re
1024 2189 1302 2252 praesertim
1347 2203 1512 2236 sacra.

225 2281 343 2325 Esto
380 2291 425 2325 et
463 2279 512 2325 in
551 2280 638 2324 hac
677 2295 870 2343 quoque
909 2276 1395 2338 contemptissimum.
1419 2271 1513 2318 Sed

229 2387 319 2433 qna
359 2369 461 2433 lege
502 2368 737 2424 vetitum,
800 2383 878 2412 sua
934 2375 1147 2412 utentem
1181 2401 1189 2421 ,
1255 2362 1513 2409 fruentem-
