1612 2880
1243 283 1301 332 51

41 382 260 431 Privatos
339 377 552 426 homines
607 377 855 423 aestimato
899 412 908 430 ‚
984 384 1115 421 extra
1176 372 1307 420 ordi-

40 487 151 516 nem
202 468 317 519 votc's
343 463 536 532 publice
582 460 910 530 procurandis
947 462 1147 510 accitos.
1185 459 1310 506 Nam

41 557 227 604 Aediles
283 571 360 600 eos
394 552 518 600 velle
549 589 558 607 ‚
600 568 710 599 eum
745 550 803 597 de
840 550 1034 597 illorum
1068 546 1299 594 Aedilita-

40 653 87 689 te
147 641 278 688 sileat
333 637 452 702 lapis
485 675 494 693 ,
535 636 770 683 somniare
829 646 915 682 est.
976 634 1072 692 Qui
1108 633 1302 681 Aediles

39 727 203 780 fuere,
239 723 324 768 hos
383 722 498 768 tales
558 732 859 786 nuncupatos
910 720 1110 785 posthac
1169 719 1306 767 vide-

41 812 132 862 bis.
190 807 379 857 Aediles
416 809 558 872 igitur
594 825 693 855 non
731 806 976 863 habendi,
1042 806 1125 871 qui
1184 807 1304 854 tales

42 915 137 945 non
169 895 488 960 appellantur.
529 894 757 952 Veteres,
819 895 869 940 in
929 894 1135 959 publicis
1171 912 1306 958 prae-

43 985 177 1049 cipue
201 981 527 1029 monumentis
549 1019 563 1042 ,
603 999 725 1046 quae
763 998 1023 1046 perennare
1060 981 1304 1041 volebant,

31 1069 254 1138 proprie,
312 1076 459 1133 atque
495 1069 682 1130 signate
718 1065 872 1112 loculi
918 1076 1030 1114 sunt
1076 1069 1145 1114 ita
1185 1102 1198 1125 ,
1251 1076 1306 1115 ut

36 1156 235 1211 decuit,
263 1166 316 1201 ut
352 1154 502 1201 Gellii
539 1153 696 1201 verbis
731 1164 919 1199 utamur
956 1152 1048 1218 (a).
1089 1155 1184 1203 Pro
1219 1171 1303 1200 an-

40 1242 113 1288 nis
152 1258 267 1306 777.
307 1251 354 1288 et
392 1240 506 1304 778.
556 1240 679 1286 nihil
727 1239 925 1287 obvium
961 1258 1009 1287 se
1045 1241 1143 1287 dat.
1184 1240 1303 1287 Pro-

34 1328 193 1375 babile
253 1338 323 1374 est
349 1362 362 1385 ,
412 1328 462 1374 in
496 1327 670 1374 horum
705 1327 933 1374 alterutro
969 1328 1181 1393 primum
1217 1328 1305 1374 ob-

33 1415 193 1479 tigisse
252 1414 320 1460 M.
359 1413 595 1461 Melsonio
633 1413 875 1463 ssviratum
904 1452 913 1461 .
968 1415 1052 1479 qui
1102 1414 1236 1465 Πυίν
1265 1417 1303 1461 i-

28 1509 181 1547 terum
221 1499 453 1564 procedet
488 1499 548 1546 ad
600 1518 677 1546 an.
719 1500 835 1564 780.
892 1501 1015 1548 Nam
1052 1519 1139 1566 pro
1176 1520 1302 1550 anno

37 1605 155 1653 779.
220 1586 310 1632 alia
347 1585 486 1633 nobis
535 1586 725 1637 ‚sistitur
782 1587 889 1652 biga
947 1587 1299 1647 Duumviralis,

29 1689 175 1736 quam
209 1672 372 1722 videre
421 1685 490 1721 est
524 1673 573 1719 in
610 1674 843 1721 Marmore
881 1675 1132 1739 sequenti,
1171 1676 1302 1740 capi-2

30 1772 74 1808 te
126 1759 242 1807 lieet
276 1760 475 1807 multato
507 1797 518 1816 ,
581 1759 706 1806 unde
757 1759 952 1807 modico
1011 1759 1297 1809 detrimento

27 1846 354 1893 Ministrorum
389 1846 636 1892 dumtaxat
671 1846 865 1892 nomina
902 1844 1162 1901 desideres,
1185 1863 1296 1893 cum

28 1942 207 1979 caetera
242 1942 495 1998 suppetant
529 1930 717 1978 abunde
744 1947 756 1977 ε

144 2452 205 2513 (a)
238 2455 365 2501 Noct.
400 2458 532 2501 Attio.
570 2458 671 2504 Lib.
709 2457 765 2500 II.
812 2455 921 2546 Cap.
958 2454 1031 2498 VI,
