1612 2880
1281 296 1331 325 11

72 368 272 418 obviant
317 364 530 414 homines
584 361 824 427 ingenui,
859 379 983 427 quos
1018 380 1226 429 pronum
1266 377 1338 413 est

66 455 312 505 coniicere
334 487 347 511 ‚
397 450 545 498 libere
583 450 784 498 omnino
838 467 887 496 se
922 449 1037 498 huic
1075 451 1345 500 ministerio

67 541 374 607 mancipasse.
413 536 689 601 Eademque
725 536 785 584 de
820 537 1031 586 Libertis
1054 540 1335 602 conjectura

68 641 169 676 esto
187 637 202 684 ²,
257 626 336 691 qui
374 624 512 689 longe
577 626 737 691 plures
794 643 995 673 numero
1056 639 1337 675 occurrunt.

67 716 277 774 Quorum
311 711 510 758 fortasse
548 728 646 758 non
681 712 858 778 pauci,
892 713 1128 771 servitute
1165 712 1341 776 depul—

72 820 135 856 sa,
170 801 222 846 in
252 798 518 846 ministerio
555 798 705 846 libere
738 809 1122 864 perseverarunt,
1164 801 1246 847 cui
1285 819 1338 848 o-

70 887 152 933 lim
183 882 268 931 sub
304 883 517 930 dominis
553 885 833 932 necessitate
872 886 1060 933 fuerant
1096 885 1337 934 obstricti.

69 973 388 1021 Ministrorurn
446 986 604 1021 autem
664 973 724 1019 de
782 991 920 1037 grege
985 974 1147 1020 servili
1208 990 1342 1037 seges

66 1063 210 1112 multo
248 1062 389 1128 longe
425 1062 617 1110 uberior
640 1099 652 1121 ,
693 1061 946 1126 dequibus
980 1062 1076 1109 hoc
1111 1059 1343 1107 adnotatu

62 1136 272 1221 (iignum.
327 1152 459 1201 Nulli
496 1154 594 1200 fere
632 1152 754 1199 inter
791 1153 879 1200 hos
936 1152 1091 1200 Servi
1118 1150 1339 1218 publici:

53 1245 228 1311 privati
250 1258 433 1295 ornnes,
464 1240 502 1286 si
528 1256 697 1294 unumq
722 1239 799 1286 vel
814 1239 934 1286 duos
959 1239 1193 1303 excipias„
1220 1255 1344 1302 quo-

58 1347 161 1378 rum
187 1330 362 1377 incerta
384 1326 616 1381 conditio,
637 1336 690 1372 ut
714 1342 772 1372 ex
801 1325 999 1373 adiectis
1023 1324 1345 1372 Dominorum

56 1415 334 1463 nominibus
370 1414 762 1462 manifestissime
797 1426 946 1478 patet.
989 1412 1064 1460 Ex
1100 1430 1198 1478 quo
1219 1414 1343 1460 illud

55 1504 207 1548 etiam
246 1501 408 1566 colligi
463 1501 636 1561 datur,
699 1501 860 1548 nullos
898 1501 1153 1548 extititisse
1194 1503 1343 1549 Pom-

55 1589 153 1651 peis
188 1590 421 1652 primores
445 1622 456 1643 ,
513 1587 596 1652 qui
636 1588 872 1633 Muzistris
911 1589 1126 1650 Augusti
1178 1605 1337 1634 carue-

57 1675 169 1720 rint.
226 1673 368 1731 Quod
403 1673 606 1720 minime
658 1674 929 1721 mirandum
983 1673 1134 1721 videri
1174 1672 1334 1719 debet.

54 1759 176 1806 Nam
236 1772 488 1823 postquam
547 1758 761 1824 Augusto
816 1760 999 1806 decreti
1060 1778 1084 1805 a
1144 1759 1343 1805 Tiberio

55 1848 192 1894 fuere
232 1860 277 1894 et.
312 1847 593 1911 Augustales
621 1885 628 1896 .
660 1860 704 1893 et
744 1847 843 1893 ludi
871 1846 1154 1910 Augustales
1175 1882 1187 1903 ‚
1216 1859 1336 1892 tein-

53 1932 230 1997 plaque
254 1969 267 1991 ‚
307 1932 654 1998 religionesque
692 1935 946 1998 propriae3
985 1931 1195 1979 cultores
1231 1937 1336 1979 Au-

47 2020 180 2081 gustz'
215 2035 307 2083 per
342 2036 500 2067 omnes
537 2018 696 2066 domos
757 2022 807 2066 ιή
842 2016 1031 2065 modum
1075 2017 1323 2084 Collegiu-

49 2121 155 2150 rum
192 2105 522 2157 habebantur;
587 2116 811 2169 tantaque
863 2107 1217 2161 sanctimoniaq
1275 2119 1326 2153 ut

53 2191 220 2239 eodem
282 2192 452 2240 Tacito
512 2190 742 2240 referente
803 2188 908 2256 (a),
964 2194 1157 2242 crimini
1217 2195 1334 2242 olim

169 2469 233 2527 (a)
268 2466 427 2513 Annal.
470 2467 574 2512 Lib.
623 2486 655 2512 ι.
